1721 2584
204 118 254 157 14
561 97 651 140 THE
682 109 747 139 MA
757 109 997 139 CEDONIAN
1029 108 1154 140 WAR„

201 213 414 249 rumoribus
445 210 544 258 volgi
579 210 863 258 circumagatur,
897 209 946 245 ibi
981 208 1070 245 nihil
1105 208 1264 245 salutare
1298 218 1392 244 esse.
1451 204 1511 248 Se,

122 288 184 319 350
202 278 306 325 quod
331 278 377 313 sit
404 276 569 312 officmm
597 275 844 322 imperatoris,
866 274 1113 323 provisurum,
1135 281 1174 309 ut
1195 273 1293 309 bene
1321 272 1510 320 gerendae

199 343 251 380 rei
277 342 520 379 occasionem
547 340 590 376 iis
618 340 818 388 praebeat;
848 339 930 376 illos
956 338 1058 383 nihil,
1081 349 1157 387 quo
1179 338 1238 374 die
1266 336 1429 373 futurum
1454 337 1509 381 sit,

200 419 379 456 quaerere
409 406 554 450 debere,
586 405 654 441 sed
683 404 746 440 ubi
776 404 906 441 datum
936 403 1087 452 signum
1117 402 1174 448 sit,
1204 410 1284 439 tum
1314 401 1512 438 militarem

200 483 335 509 navare
355 481 526 520 operam.

598 591 629 617 4.
671 578 733 611 ‘she
756 578 847 626 ffect
870 589 908 610 on
935 578 987 609 the
1011 589 1118 620 army.

256 662 317 698 Ab
336 661 393 697 his
413 659 623 709 praeceptis
647 659 866 694 contionem
888 657 1040 701 dimisit,
1061 657 1174 705 volgo
1195 657 1309 694 etiam
1329 656 1513 693 veteranis

123 735 183 767 355
202 726 413 769 fatentibus,
436 737 474 760 se
504 724 566 760 illo
598 724 759 771 primum
790 722 848 758 die
879 729 1074 770 tamquam
1104 723 1253 765 tirones,
1275 721 1366 769 quid
1395 733 1512 769 agen-

201 793 292 829 dum
314 797 410 827 esset
434 790 471 825 in
492 802 530 826 re
558 788 716 831 militari,
737 787 923 824 didicisse.
994 786 1086 823 Non
1106 787 1346 823 sermonibus
1366 794 1513 823 tantum

200 856 267 901 his,
291 867 378 892 cum
408 860 552 902 quanto
582 853 748 889 adsensu
776 852 968 889 audissent
997 852 1109 888 verba
1138 851 1316 896 consulis,
1337 852 1513 888 ostende·

200 928 297 966 runt,
319 919 385 957 sed
406 931 530 955 rerum
557 929 738 966 praesens
764 917 921 954 effectus
942 924 1030 954 erat.
1089 916 1294 953 Neminem
1314 917 1401 953 totis
1421 928 1513 952 mox

201 986 332 1022 castris
370 985 539 1033 quietum
578 984 743 1023 viderem
796 995 931 1020 acuere
969 983 1030 1019 alii
1076 982 1237 1030 gladios,
1276 982 1336 1018 alii
1384 982 1512 1030 galeas

122 1054 184 1094 360
201 1050 468 1098 bucculasque,
498 1048 557 1084 alii
595 1047 728 1084 loricas
768 1055 926 1096 tergere,
958 1048 1017 1084 alii
1056 1055 1184 1096 aptare
1224 1047 1374 1095 corpori
1408 1058 1513 1083 arma

202 1116 437 1164 experirique
459 1115 528 1151 sub
556 1113 614 1149 his
642 1114 902 1149 membrorum
929 1113 1147 1161 agilitatem,
1169 1119 1323 1161 quatere
1345 1112 1404 1148 alii
1425 1111 1511 1160 pila,

202 1181 261 1218 alii
310 1181 451 1217 micare
489 1178 623 1227 gladiis
671 1190 973 1226 mucronemque
1020 1178 1164 1223 intueri,
1203 1184 1246 1214 ut
1291 1176 1409 1221 facile,
1449 1176 1512 1224 qui

201 1252 381 1289 cerneret,
403 1245 524 1288 sciret,
554 1244 618 1280 ubi
647 1243 811 1291 primum
841 1243 1068 1280 conserendi
1097 1254 1255 1278 manum
1284 1254 1372 1279 cum
1402 1241 1512 1277 hoste

200 1311 288 1348 data
313 1310 466 1347 occasio
496 1316 606 1352 esset,
628 1315 691 1344 aut
720 1308 876 1344 victoria
904 1307 1056 1357 egregia
1083 1315 1147 1344 aut
1176 1314 1296 1344 morte
1326 1318 1513 1342 memora-

120 1379 181 1419 365
199 1376 264 1412 bili
284 1375 454 1411 finituros
474 1374 626 1410 bellum.

541 1544 594 1585 V.
654 1543 783 1583 THE
818 1541 1164 1584 CAMPAIGN.

746 1659 826 1691 ΒΕ.
863 1650 952 1691 168.

228 1786 256 1810 ι.
306 1775 430 1808 March
453 1775 606 1808 towards
632 1775 759 1816 Pydna,
785 1775 934 1807 whither
959 1776 1096 1807 Perseus
1121 1775 1193 1808 had
1214 1774 1288 1808 been
1312 1775 1433 1808 drIven
1458 1774 1497 1817 by

587 1834 609 1853 ιι
635 1820 752 1854 Δὲῐοιιι·
777 1822 830 1854 led
851 1822 891 1864 by
915 1823 955 1855 P.
974 1821 1116 1855 [Vasica.

254 1905 428 1952 Tempus
449 1903 538 1939 anni
559 1909 646 1951 post
673 1903 944 1938 circumactum
971 1903 1171 1939 solstitium
1193 1909 1295 1948 erat;
1325 1902 1418 1939 hora
1438 1904 1513 1941 diei

202 1970 273 2006 iam
306 1969 353 2005 ad
388 1968 585 2004 meridiem
615 1968 816 2015 vergebat;
858 1967 925 2003 iter
953 1967 1073 2004 multo
1108 1967 1259 2015 pulvere
1290 1975 1327 2005 et
1357 1968 1513 2010 incales-

199 2042 308 2071 cente
337 2034 416 2070 sole
446 2033 587 2069 factum
617 2041 703 2069 erat.
764 2033 969 2071 Lassitudo
998 2042 1034 2071 et
1063 2035 1143 2071 sitis
1173 2035 1247 2071 iam
1270 2037 1511 2082 sentiebatur,

200 2108 237 2135 et
266 2098 422 2135 meridie
453 2106 596 2134 aestum
627 2099 750 2145 magis
780 2099 1032 2136 adeensurum
1062 2107 1263 2149 utrumque
1294 2101 1511 2149 adparebat.

119 2179 183 2213 370
201 2165 336 2200 Statuit
366 2164 418 2200 sic
448 2164 619 2201 adfectos
649 2166 789 2201 recenti
820 2171 932 2213 atque
960 2165 1108 2213 integro
1129 2166 1228 2202 hosti
1249 2178 1327 2203 non
1348 2168 1509 2206 obicere.

201 2227 275 2265 Sed
305 2235 430 2264 tantus
457 2229 568 2265 ardor
597 2229 634 2265 in
665 2230 802 2265 animis
823 2230 871 2266 ad
902 2229 1161 2267 dimicandum
1191 2237 1396 2279 utcumque
1418 2240 1508 2278 erat,

199 2299 239 2328 ut
276 2293 424 2329 consuli
462 2305 543 2330 non
578 2295 724 2331 minore
759 2302 837 2331 arte
869 2295 916 2331 ad
949 2306 1039 2332 suos
1073 2295 1283 2333 eludendos
1313 2308 1427 2345 quam
1463 2298 1510 2335 ad
