1721 2584
296 440 452 486 THE
493 438 1002 486 MACEDONIAN
1041 437 1230 484 WAR.

561 565 645 598 Rc.
688 566 703 596 1
718 553 956 611 70—168.

647 715 858 723 ———.

197 827 231 868 Ι.
292 827 422 868 THE
455 827 662 868 THIRD
695 827 872 868 YEAR
905 826 985 868 OF
1017 826 1147 867 THE
1179 825 1342 866 WAR.

588 927 670 959 B.c.
708 918 942 970 170—169.

267 1066 296 1089 1.
346 1055 389 1100 Q.
407 1054 564 1088 Marcius
590 1054 762 1098 Philippus
787 1054 933 1087 succeeds
963 1052 1068 1086 Aulus
1094 1053 1266 1086 Hostilius.

160 1135 317 1173 Aunrro
362 1134 596 1173 successoris
638 1135 816 1179 adventu,
862 1146 951 1172 cum
995 1146 1111 1178 arma,
1150 1134 1263 1179 viros,
1306 1144 1429 1182 equos

107 1213 196 1238 cum
227 1213 317 1237 cura
343 1200 583 1250 inspexisset,
604 1206 743 1239 ornato
773 1200 940 1237 exercitu
966 1200 1119 1236 obviam
1139 1199 1306 1236 venienti
1336 1211 1429 1237 con-

107 1266 177 1303 suli
209 1266 408 1315 processit.
465 1264 603 1303 Paucis
630 1272 720 1314 post
749 1265 883 1302 diebus
913 1264 1048 1302 consul
1078 1265 1300 1301 contionem
1327 1263 1430 1312 apud

109 1331 246 1368 milites
284 1330 429 1368 habuit.
497 1329 621 1368 Orsus
666 1342 690 1367 a
727 1330 929 1379 parricidio
969 1328 1097 1367 Persei
1135 1335 1352 1379 perpetrato
1390 1329 1430 1365 in

110 1396 274 1442 fratrem,
307 1396 475 1445 cogitato
505 1396 545 1433 in
574 1402 784 1445 parentem,
814 1395 951 1432 adiecit
983 1402 1071 1444 post
1105 1395 1246 1432 scelere
1279 1401 1430 1443 parturn
1450 1404 1466 1436 5

110 1473 284 1510 regnum,
317 1460 511 1505 veneficia,
542 1460 691 1504 caedes,
724 1460 923 1497 latrocinio
954 1459 1123 1497 nefando
1157 1459 1316 1507 petitum
1351 1458 1430 1495 Eu-

110 1538 263 1570 menen,
293 1526 448 1562 iniurias
480 1525 519 1562 in
548 1525 736 1574 populum
770 1524 1004 1569 Romanum,
1040 1525 1275 1573 direptiones
1309 1524 1431 1561 socia-

110 1603 193 1628 rum
226 1591 377 1627 urbium
409 1599 540 1627 contra
575 1590 731 1636 foedus:
777 1602 823 1628 ea
855 1592 988 1628 omnia
1021 1603 1136 1640 quam
1169 1590 1240 1627 diis
1277 1602 1433 1639 quoque

111 1657 232 1693 invisa
269 1663 407 1700 essent,
443 1668 643 1693 sensurum
682 1656 720 1692 in
759 1656 862 1692 exitu
900 1668 1027 1692 rerum
1066 1667 1232 1692 suarum.
1288 1654 1432 1691 Favere

111 1722 215 1758 enim
243 1721 374 1770 pietati
404 1721 568 1769 fideique
598 1721 704 1765 deos,
733 1733 802 1769 per
831 1733 928 1770 quae
957 1721 1122 1770 populus
1153 1720 1353 1758 Romanus
1383 1720 1431 1756 ad
1452 1727 1491 1749 10

113 1793 262 1823 tantum
293 1785 433 1834 fastigii
461 1786 615 1823 venerit.
671 1785 783 1823 Vires
815 1785 953 1823 deinde
983 1786 1116 1835 populi
1146 1785 1326 1831 Romani,
1355 1786 1433 1823 iam

112 1857 296 1888 terrarum
343 1851 477 1888 orbem
525 1850 814 1899 conplectentis,
854 1863 942 1888 cum
979 1851 1118 1889 viribus
1166 1847 1432 1897 Macedoniae,

115 1916 303 1953 exercitus
352 1927 440 1952 cum
488 1915 715 1952 exercitibus
764 1916 996 1965 conparavit.
1066 1915 1223 1962 Quanto
1267 1915 1432 1952 maiores

113 1980 282 2030 Philippi
319 1980 578 2029 Antiochique
623 1992 718 2029 opes
764 1992 844 2018 non
882 1981 1092 2018 maioribus
1134 1981 1257 2029 copiis
1294 1979 1432 2018 fractas
1454 1993 1491 2026 15

114 2046 225 2084 esse?

329 2160 359 2182 2.
385 2149 540 2182 Marcius
564 2161 587 2182 a
611 2149 716 2183 better
740 2150 967 2183 mountaineer
992 2149 1075 2183 than
1100 2149 1216 2194 ffcer.

171 2229 320 2268 Placuit
349 2241 430 2267 non
463 2229 559 2266 ultra
589 2229 778 2266 morando
812 2230 853 2266 in
884 2229 1086 2267 Thessalia
1118 2238 1270 2280 tempus
1303 2237 1434 2275 terere,

118 2297 187 2336 sed
216 2307 374 2334 movere
406 2294 601 2344 extemplo
632 2302 755 2333 castra
784 2301 898 2344 atque
929 2308 1089 2346 pergere
1118 2296 1206 2333 inde
1236 2296 1273 2333 in
1304 2295 1435 2333 Mace-

766 2371 789 2397 13
