1721 2584
317 137 370 167 II.
430 135 458 165 A
492 135 601 165 FEW
631 133 801 164 TRAITS
834 133 891 163 OF
920 133 1042 164 KING
1072 133 1292 164 PERSEUS.
1439 137 1464 178 9

148 241 249 281 sunt,
279 235 418 285 coepit,
446 242 488 273 ut
525 241 763 272 commeatus
794 233 1028 282 expedirent,
1059 232 1249 278 frumenti,
1278 232 1367 278 vini,
1395 244 1462 282 pe·
1486 249 1548 270 220

147 312 280 339 corum
314 307 355 338 ut
387 301 499 350 copia
532 306 642 337 esset.
700 298 788 347 Ipse
819 310 941 348 equos
975 298 1227 348 phalerasque
1260 305 1298 335 et
1331 299 1463 347 sagula

148 365 295 403 donum
329 366 564 415 principibus
596 365 690 402 ferre
724 373 760 401 et
794 376 954 413 parvum
985 365 1076 409 auri,
1106 363 1212 413 quod
1241 363 1338 401 inter
1369 376 1463 412 pau-

145 442 212 468 cos
247 431 440 475 divideret,
471 430 753 467 multitudinem
792 429 952 466 credens
986 429 1082 466 trahi
1117 441 1184 478 spe
1218 441 1344 478 posse.
1401 429 1465 466 Ad

143 496 350 533 Almanam
390 496 522 533 urbem
556 495 727 545 pervenit
759 502 796 531 et
827 496 865 531 in
898 495 979 543 ripa
1011 494 1178 531 fluminis
1212 494 1302 531 Axii
1335 495 1464 543 posuit

146 569 280 599 castra.
348 561 459 600 Circa
487 561 736 599 Desudabam
766 561 805 597 in
834 560 1011 598 Maedica
1042 560 1232 598 exercitus
1264 559 1464 598 Gallorum
1487 575 1545 605 225

146 627 386 671 consederat,
416 627 632 664 mercedem
663 634 816 675 pactam
846 626 1063 674 opperiens.
1120 625 1180 662 Eo
1211 626 1324 663 mittit
1353 626 1464 663 Anti-

146 704 305 741 gonum,
326 705 372 729 ex
401 693 615 741 purpuratis
645 704 776 737 unum,
797 692 862 740 qui
891 691 1035 728 iuberet
1063 690 1344 728 multitudinem
1375 690 1466 729 Gal-

145 757 270 795 lorum
300 757 348 794 ad
377 757 562 806 Bylazora
594 757 802 805 (Paeoniae
836 757 867 793 is
901 756 1008 793 locus
1041 758 1114 803 est)
1147 764 1269 794 castra
1301 769 1465 801 movere,

147 823 337 871 principes
375 823 425 859 ad
464 835 504 860 se
544 824 671 860 venire
710 822 937 871 frequentes.
996 834 1097 859 Lxxv
1137 822 1238 858 milia
1276 822 1326 859 ab
1363 823 1466 859 Axio

147 886 302 924 flumine
341 895 379 925 et
417 888 549 925 castris
588 889 688 937 regis
728 888 894 925 aberant.
953 886 1062 923 Haec
1101 887 1284 924 mandata
1317 888 1366 925 ad
1400 900 1467 925 eos
1489 908 1549 938 230

147 964 235 989 curn
263 953 479 1002 pertulisset
502 954 736 1002 Antigonus,
763 953 1053 1002 adiecissetque,
1075 965 1142 1001 per
1171 961 1355 1002 quantam
1383 965 1466 990 om-

146 1018 253 1054 nium
279 1026 542 1067 praeparatam
569 1031 660 1057 cura
686 1019 787 1068 regis
811 1020 963 1067 copiam
988 1020 1072 1055 ituri
1097 1018 1230 1065 forent,
1253 1019 1467 1068 quibusque

146 1084 368 1120 muneribus
395 1084 586 1133 principes
609 1084 855 1122 advenientes
880 1085 1005 1129 vestis,
1027 1085 1174 1134 argenti
1201 1096 1467 1134 equorumque

147 1155 376 1198 excepturus
405 1161 470 1186 rex
500 1157 610 1196 esset,
640 1149 688 1187 de
724 1149 782 1186 his
815 1150 972 1199 quidem
1007 1162 1047 1187 se
1083 1162 1214 1187 coram
1245 1150 1468 1199 cognituros

147 1213 391 1262 respondent,
430 1214 532 1260 illud,
572 1215 678 1264 quod
715 1227 897 1264 praesens
937 1215 1186 1264 depigissent‚
1218 1215 1465 1264 interrogant,
1489 1234 1547 1264 ²35

148 1279 285 1327 ecquid
314 1291 459 1325 aurum,
481 1280 586 1328 quod
615 1281 653 1317 in
683 1280 854 1329 singulos
882 1280 1027 1329 pedites
1052 1281 1274 1330 equitesque
1299 1280 1467 1317 dividen-

148 1345 238 1381 dum
278 1352 389 1389 esset,
420 1356 551 1383 secum
591 1345 831 1383 advexisset?
889 1344 990 1383 Cum
1029 1345 1078 1383 ad
1115 1345 1156 1382 id
1185 1346 1277 1382 nihil
1308 1357 1463 1394 respon-

148 1411 309 1455 deretur,
347 1408 568 1455 Clondicus,
610 1410 762 1459 regulus
810 1423 956 1456 eorum,
997 1411 1081 1448 ‘abi
1128 1411 1305 1449 renuntia
1351 1409 1467 1459 ergo,’

146 1475 281 1523 inquit,
315 1475 406 1524 regi,
438 1475 509 1512 nisi
547 1487 681 1512 aurum
721 1476 953 1526 obsidesque
992 1477 1243 1525 accepissent,
1279 1479 1475 1525 nusquam

146 1540 235 1577 inde
265 1539 399 1577 Gallos
428 1540 583 1589 longius
612 1540 812 1590 vestigium
842 1549 1025 1579 moturos.
1491 1550 1551 1580 ²40

379 1740 461 1782 ΙΙΙ.
521 1740 572 1780 L.
604 1740 921 1782 AEMILIUS
957 1739 1224 1781 PAULUS.

701 1856 785 1888 Rc.
824 1848 914 1898 169.

385 1983 414 2005 1.
464 1971 526 2004 ‘The
543 1971 636 2016 right
653 1985 733 2005 man
750 1973 785 2006 in
802 1973 856 2006 the
873 1972 967 2017 right
976 1971 1074 2016 place
1090 1979 1128 2005 at
1145 1971 1224 2006 last.

200 2054 284 2090 Iam
311 2053 348 2089 in
379 2053 481 2089 exitu
509 2065 633 2090 annus
664 2060 752 2098 erat,
783 2059 820 2090 et
850 2060 1004 2102 propter
1035 2052 1280 2091 Macedonici
1301 2054 1468 2093 maxime

144 2120 231 2160 belli
261 2130 392 2156 euram
430 2119 469 2154 in
498 2119 738 2155 sermonibus
767 2119 940 2156 homines
969 2118 1173 2164 habebant,
1204 2131 1302 2168 quos
1332 2120 1371 2156 in
1400 2132 1467 2157 an-

146 2196 239 2221 num
278 2183 456 2220 consules
492 2183 541 2220 ad
575 2183 784 2220 finiendum
823 2185 978 2220 tandem
1021 2184 1060 2221 id
1102 2184 1243 2221 bellurn
1286 2194 1466 2222 crearent.

147 2248 290 2287 Omnia
318 2256 358 2284 ut
389 2247 571 2285 maturius
604 2258 817 2296 agerentur,
847 2249 934 2286 belli
974 2249 1218 2287 Macedonici
1248 2250 1465 2287 stimulabat

146 2326 245 2351 cura.
303 2313 437 2361 Itaque
459 2313 679 2362 designatos
705 2313 900 2363 extemplo
928 2315 1051 2351 sortiri
1079 2314 1220 2363 placuit
1238 2315 1464 2364 provincias,
1490 2333 1548 2363 245
