1721 2584
254 133 302 171 18
610 138 697 168 THE
727 136 792 166 MA
801 132 1045 164 CEDONIAN
1078 132 1144 161 WA
1153 133 1198 162 R.

249 245 337 285 scat,
359 251 429 288 age
455 239 557 281 dum,
588 248 752 285 mecum,
773 235 803 272 si
826 233 982 277 videtur,
1003 244 1118 281 quam
1139 231 1257 268 multa
1286 243 1356 280 pro
1385 231 1495 268 hoste
1525 238 1562 267 et

171 312 231 350 460
249 304 427 341 adversus
456 316 527 340 nos
557 302 702 339 suerint.

247 399 274 429 b.
300 399 390 430 ‘The
422 409 537 438 enemy
567 397 654 429 excel
687 408 723 428 us
753 396 785 426 in
816 396 990 431 numbers3
1024 405 1075 426 we
1105 394 1201 425 could
1233 399 1290 425 not
1318 394 1399 435 fight
1430 395 1494 425 and
1523 395 1565 425 be

317 450 483 490 sortisying
506 461 564 480 oui·
588 459 682 489 camp
702 454 736 478 at
758 448 812 478 the
835 458 922 477 same
944 447 1030 477 time.
1075 446 1254 486 Yesterday
1275 456 1323 476 we
1347 445 1463 476 should
1484 445 1564 475 have

316 501 431 542 fought
462 501 526 531 like
551 500 756 540 vagabonds;
787 498 898 538 to-day
920 508 968 528 we
992 497 1073 538 fight
1097 497 1145 528 for
1169 507 1227 527 our
1247 507 1352 538 camp,
1375 507 1412 527 as
1433 496 1484 527 for
1506 506 1565 527 our

316 554 423 584 native
441 552 596 592 country.'

303 638 311 654 ‘
331 634 413 671 Iam
444 634 615 671 omnium
646 633 819 681 primum,
851 638 1035 680 quantum
1073 642 1234 667 numero
1264 642 1334 668 nos
1363 637 1564 679 praestent,

247 699 440 736 neminem
479 706 641 735 vestrum
672 710 743 734 nec
773 705 859 733 ante
889 698 1086 745 ignorasse
1116 703 1152 732 et
1180 695 1360 732 hesterno
1399 695 1470 740 die,
1501 707 1564 731 ex-

247 765 425 812 plicatam
473 765 662 800 intuentes
711 763 842 804 aciem,
886 761 1195 798 animadvertisse
1235 768 1378 798 certum
1415 760 1563 797 habeo.

248 830 307 866 Ex
339 830 408 866 hac
440 838 570 866 nostra
600 829 789 877 paucitate
819 835 952 876 quarta
981 839 1068 875 pars
1098 827 1259 862 militum
1289 826 1479 874 praesidio
1509 826 1565 862 in-

168 899 228 939 465
250 895 475 943 pedimentis
507 894 633 930 relicta
662 900 760 937 erat;
793 905 864 929 nec
884 892 1171 940 ignavissimum
1192 903 1383 940 quemque
1403 891 1564 940 relinqui

249 959 296 995 ad
337 959 551 995 custodiam
596 959 829 994 sarcinarum
874 957 987 994 scitis.
1065 956 1141 993 Sed
1183 955 1364 992 fuerimus
1405 967 1562 1001 omnes;

250 1023 509 1072 parvumhoc
539 1023 694 1060 tandem
724 1035 807 1059 esse
837 1023 1036 1067 credimus,
1065 1021 1170 1070 quod
1200 1034 1245 1058 ex
1275 1021 1331 1058 his
1361 1021 1504 1066 castris,
1525 1021 1564 1058 in

250 1089 385 1137 quibus
415 1088 485 1125 hac
517 1096 628 1125 nocte
658 1089 879 1129 mansimus,
910 1087 1042 1124 exituri
1071 1087 1109 1123 in
1138 1087 1259 1123 aciem
1289 1086 1474 1123 hodierno
1501 1094 1564 1123 aut

251 1166 442 1190 summum
474 1154 636 1190 crastino
668 1154 738 1198 die,
759 1154 788 1190 si
818 1153 867 1189 ita
896 1152 1090 1196 videbitur,
1113 1151 1182 1188 diis
1211 1151 1308 1188 bene
1339 1151 1563 1196 iuvantibus,

167 1233 232 1264 450
252 1219 407 1255 sumus?
464 1218 617 1254 Nihilne
647 1219 812 1262 interest,
843 1224 967 1254 utrum
996 1217 1164 1261 militem,
1185 1229 1300 1265 quem
1329 1229 1454 1265 neque
1484 1218 1565 1254 viae

250 1283 356 1320 labor
383 1283 497 1320 hodie
536 1296 661 1331 neque
700 1283 825 1331 operis
864 1283 1082 1331 fatigaverit,
1121 1283 1343 1331 requietum,
1375 1284 1564 1331 integrum

249 1349 286 1385 in
316 1349 476 1385 tentorio
507 1361 576 1385 suo
607 1361 712 1385 arma
740 1361 876 1398 capere
906 1349 1035 1385 iubeas
1064 1355 1175 1396 atque
1200 1349 1237 1384 in
1261 1349 1380 1385 aciem
1410 1349 1565 1397 plenum

248 1414 391 1458 virium,
422 1414 613 1462 vigentem
652 1422 689 1451 et
727 1426 888 1462 corpore
926 1421 963 1451 et
1002 1414 1130 1451 animo
1168 1413 1319 1459 educas,
1357 1426 1405 1450 an
1444 1414 1563 1462 longo

250 1479 381 1516 itinere
412 1478 608 1527 fatigatum
638 1488 674 1516 et
706 1491 821 1528 opere
862 1478 1015 1523 fessum,
1058 1479 1277 1515 madentem
1315 1479 1465 1524 sudore,
1505 1491 1563 1516 ar-

168 1553 230 1585 475
251 1543 428 1581 dentibus
467 1544 525 1580 siti
566 1543 748 1588 faucibus,
789 1556 852 1580 ore
892 1551 1004 1592 atque
1043 1543 1161 1580 oculis
1204 1543 1355 1592 repletis
1398 1543 1563 1592 pulvere,

251 1616 415 1646 torrente
446 1609 658 1646 meridiano
689 1610 780 1653 sole,
811 1609 910 1645 hosti
940 1608 1083 1645 obicias
1112 1608 1263 1653 recenti,
1294 1609 1478 1656 requieto,
1500 1610 1564 1658 qui

250 1674 352 1710 nulla
381 1686 419 1710 re
449 1681 536 1711 ante
567 1683 789 1710 consunitas
819 1675 914 1711 vires
943 1674 991 1711 ad
1017 1673 1203 1722 proelium
1228 1673 1398 1711 adferat?
1455 1674 1565 1721 Quis,

251 1752 320 1788 pro
351 1739 465 1776 deum
500 1740 626 1784 fidem,
657 1740 705 1776 ita
735 1746 986 1788 comparatus,
1017 1738 1075 1775 vel
1113 1739 1213 1775 iners
1247 1744 1358 1787 atque
1393 1739 1565 1785 imbellis,

252 1804 498 1842 fortissimum
520 1806 637 1840 virum
666 1817 745 1841 non
772 1805 923 1841 vicerit?
963 1803 1077 1850 Quid,
1102 1804 1206 1852 quod
1226 1803 1356 1840 hostes
1376 1816 1444 1853 per
1464 1817 1566 1842 sum-

170 1877 234 1918 480
252 1882 357 1906 mum
388 1871 507 1907 otium
537 1871 792 1906 instruxerant
818 1870 950 1913 aciem,
971 1878 1285 1918 praeparaverant
1308 1870 1468 1914 animos,
1491 1877 1565 1907 sta-

253 1935 342 1971 bant
373 1936 563 1983 conpositi
592 1936 668 1972 suis
698 1936 857 1983 quisque
896 1935 1103 1978 ordinibus,
1135 1934 1246 1970 nobis
1281 1941 1371 1972 tunc
1408 1943 1564 1984 repente

251 2000 516 2048 trepidandum
548 2002 586 2038 in
621 2002 700 2038 acie
735 2000 955 2036 instruenda
993 2006 1071 2035 erat
1110 2005 1146 2035 et
1184 1996 1433 2048 inconpositis
1472 2012 1565 2038 con-

251 2066 515 2102 currendum?
591 2067 653 2110 At,
694 2065 854 2109 hercule,
895 2064 1015 2101 aciem
1048 2063 1203 2112 quidem
1234 2064 1469 2102 inconditam
1507 2066 1564 2102 in-

252 2131 541 2178 ordinatamque
572 2130 857 2175 liabuissemus;
894 2141 1015 2166 castra
1045 2133 1200 2177 munita,
1229 2135 1418 2181 provisam
1449 2145 1564 2182 aqua-

170 2200 231 2236 485
252 2192 408 2239 tionem,
450 2202 569 2230 tutum
610 2195 657 2230 ad
693 2207 775 2230 eain
815 2196 882 2231 iter
921 2195 1116 2242 praesidiis
1151 2197 1331 2244 inpositis,
1370 2197 1564 2245 explorata

252 2259 350 2295 circa
379 2259 518 2302 omnia,
550 2271 597 2293 an
628 2259 721 2294 nihil
751 2259 867 2295 nostri
897 2259 1080 2296 habentes
1110 2270 1257 2308 praeter
1288 2262 1431 2297 nudum
1462 2273 1563 2297 cam-

252 2335 353 2370 pum,
388 2324 424 2358 in
459 2334 535 2370 quo
571 2324 854 2370 pugnaremus?
912 2323 1080 2360 Maiores
1115 2326 1225 2361 vestri
1259 2335 1381 2362 castra
1416 2326 1561 2362 munita
