1721 2584
563 92 602 124 V.
665 90 757 122 THE
785 91 839 122 CA
847 91 945 122 MPA
954 92 1052 126 miv.
1416 94 1465 138 17

428 276 460 307 5.
509 265 597 299 Both
619 265 702 299 sides
726 277 826 310 eager
838 265 905 308 for
929 266 982 299 the
1004 273 1187 301 encounter.

195 363 355 400 Postero
386 363 446 401 die
476 361 582 413 (nam
612 369 738 400 tantus
767 363 915 412 utrique
944 363 1056 401 ardor
1083 364 1261 401 exercitui
1290 363 1339 401 ad
1372 377 1464 402 con-

148 429 378 465 currendum
403 427 532 474 fuerat,
561 435 602 465 ut
627 435 664 466 et
686 440 816 477 regem
841 434 878 465 et
897 429 1096 466 consulem
1117 441 1271 466 suorum
1296 429 1463 478 quidam,

148 493 254 542 quod
275 492 355 530 sine
378 493 522 543 proelio
544 492 754 529 discessum
784 499 893 537 esset,
919 491 1156 543 accusarent)
1182 494 1262 542 regi
1286 502 1463 543 prompta
1482 503 1543 534 435

147 557 320 595 defensio
344 565 433 603 erat,
459 569 538 594 non
566 569 611 594 eo
639 557 774 603 solum,
803 557 909 607 quod
932 557 1051 595 hostis
1078 559 1190 607 prior,
1211 565 1339 607 aperte
1365 571 1462 608 pug-

146 635 236 660 nam
262 623 487 668 detrectans,
511 623 549 659 in
576 629 697 659 castra
722 622 853 671 copias
879 622 1097 669 reduxisset,
1125 623 1193 660 sed
1217 623 1329 659 etiam
1356 623 1462 671 quod

146 700 194 726 eo
224 688 310 726 loco
349 689 459 738 signa
497 688 763 731 constituisset,
803 699 880 736 quo
919 687 1097 736 phalanx,
1137 700 1253 736 quam
1290 688 1462 726 inutilem

145 754 202 790 vel
232 753 435 790 mediocris
464 752 642 801 iniquitas
670 752 743 789 loci
770 752 944 797 efficeret,
971 753 1190 800 promoveri
1211 764 1291 790 non
1317 759 1460 802 posset.

147 818 292 855 Consul
319 818 368 855 ad
396 818 444 862 id,
476 817 579 867 quod
609 816 726 867 pridie
765 817 1058 866 praetermisisse
1087 818 1286 867 pugnandi
1315 818 1458 855 occasi·
1479 835 1543 865 440

143 895 259 920 onem
280 883 474 919 videbatur
503 889 541 919 et
568 882 696 918 locum
718 881 866 918 dedisse
887 881 999 927 hosti,
1021 882 1053 919 si
1082 888 1195 919 nocte
1215 882 1316 919 abire
1337 882 1457 928 vellet,

145 955 234 985 tunc
263 959 417 997 quoque
447 959 514 996 per
543 946 709 995 speciem
738 947 964 985 immolandi
994 956 1112 985 terere
1141 948 1335 985 videbatur
1363 955 1459 985 tem-

144 1025 227 1062 pus.
299 1012 398 1050 Cum
427 1013 510 1060 luce
539 1012 661 1062 prima
689 1012 800 1061 signo
830 1015 1029 1062 proposito
1060 1025 1211 1063 pugnae
1240 1013 1458 1049 exeundum

142 1079 182 1115 in
220 1079 342 1116 aciem
375 1078 517 1123 fuisset,
546 1078 655 1115 tertia
683 1078 839 1115 demum
872 1078 977 1124 hora,
1007 1078 1191 1115 sacrificio
1224 1078 1291 1116 rite
1322 1090 1456 1127 perpe-

141 1150 248 1189 trato,
283 1143 332 1181 ad
370 1143 570 1181 consilium
598 1143 757 1187 vocavit,
791 1150 904 1193 atque
938 1143 1000 1188 ibi,
1031 1144 1137 1193 quod
1173 1143 1226 1180 rei
1263 1143 1455 1192 gerendae
1477 1159 1537 1190 445

140 1216 291 1258 tempus
321 1216 430 1253 esset,
460 1207 657 1257 loquendo
694 1214 733 1245 et
769 1208 1032 1257 intempestive
1070 1207 1324 1246 consultando
1354 1207 1456 1244 vide-

142 1275 251 1311 batur
279 1274 506 1323 quibusdam
535 1272 743 1311 extrahere.
815 1273 921 1310 Tum
959 1280 1093 1310 contra
1128 1272 1351 1322 hujusmodi
1379 1284 1458 1309 ser-

139 1350 277 1376 mones
304 1338 420 1376 talem
448 1338 583 1376 consul
611 1337 823 1375 orationem
852 1337 993 1375 habuit.

583 1480 618 1516 6.
665 1479 782 1525 Speech
805 1479 849 1522 qs
863 1479 1005 1513 Paulus.

140 1600 170 1621 a.
194 1588 231 1621 ⁴1
253 1588 322 1621 will
344 1587 547 1621 condescend
570 1592 605 1619 to
628 1586 756 1630 explain
779 1585 854 1628 why
876 1586 894 1617 1
915 1585 999 1617 have
1022 1586 1097 1617 thus
1119 1585 1254 1627 delayed
1276 1585 1332 1619 the
1355 1583 1458 1627 fight?

195 1681 204 1698 ‘
225 1678 267 1716 P.
312 1676 465 1723 Nasica,
513 1677 688 1726 egregius
734 1675 969 1722 adulescens,
1018 1688 1065 1713 ex
1118 1675 1298 1713 omnibus
1344 1688 1454 1722 unus,

140 1744 278 1793 quibus
305 1743 483 1780 hesterno
512 1742 572 1780 die
600 1742 764 1792 pugnari
800 1741 950 1791 placuit,
981 1741 1185 1778 denudavit
1221 1740 1313 1778 mihi
1342 1753 1453 1778 suum
1472 1756 1535 1787 450

141 1807 363 1854 consilium3
393 1807 496 1844 idern
516 1814 659 1856 postea,
682 1807 732 1843 ita
750 1812 792 1844 ut
809 1806 987 1843 transisse
1012 1806 1051 1842 in
1080 1805 1306 1843 sententiam
1327 1818 1453 1843 meam

140 1872 256 1910 videri
292 1878 433 1921 posset,
462 1872 591 1909 tacuit.
666 1871 906 1919 Quibusdam
945 1871 1027 1909 aliis
1064 1872 1263 1908 absentem
1301 1883 1453 1920 carpere

139 1938 406 1987 imperatorem
436 1948 553 1986 quam
577 1943 818 1986 praesentem
856 1948 1013 1974 monere
1052 1937 1185 1974 melius
1223 1937 1345 1974 visum
1384 1945 1452 1975 est.

138 2003 187 2040 Et
215 2002 293 2047 tibi,
322 2002 364 2039 P.
394 2001 545 2047 Nasica,
574 2008 612 2040 et
648 2002 879 2052 quicumque
909 2002 1022 2047 idem,
1052 2002 1157 2050 quod
1185 2009 1236 2047 tu,
1267 2002 1451 2039 occultius

138 2073 349 2112 senserunt,
381 2078 461 2104 non
489 2067 676 2117 gravabor
706 2067 865 2105 reddere
903 2067 1038 2104 dilatae
1072 2079 1225 2116 pugnae
1253 2067 1451 2105 rationem.
1470 2080 1531 2110 455

138 2133 241 2171 Nam
269 2140 417 2170 tantum
445 2133 562 2178 abest,
591 2139 632 2170 ut
660 2145 723 2170 me
760 2132 959 2170 hesternae
998 2131 1134 2181 quietis
1172 2131 1373 2180 paeniteat,
1411 2141 1451 2170 ut

136 2206 328 2236 servatum
357 2209 380 2235 a
407 2209 469 2235 me
500 2198 706 2235 exercitum
735 2208 783 2234 eo
813 2196 973 2235 consilio
1003 2197 1168 2233 credam.
1225 2196 1273 2233 In
1294 2209 1369 2245 qua
1390 2210 1449 2234 me

135 2265 320 2315 opinione
349 2263 430 2302 sine
459 2275 575 2301 eausa
603 2275 686 2301 esse
714 2274 763 2300 ne
792 2261 878 2312 quis
897 2269 1064 2299 vestrum
1093 2262 1234 2309 credat,
1264 2274 1452 2312 recogno-

775 2338 798 2367 C
