1721 2584
577 82 615 112 V.
679 82 767 111 THE
798 80 851 112 CA
860 81 955 111 MPA
966 81 1063 111 [ΟΝ.
1236 61 1239 67 ’
1427 81 1476 125 15

156 180 285 217 hostes
312 193 409 230 opus
447 188 556 218 essct.
631 181 815 218 Nondum
854 181 1035 218 omnibus
1075 180 1276 224 instructis,
1311 180 1475 216 instabat

156 246 316 283 tribunis
345 246 517 292 militum,
548 254 588 284 ut
626 253 857 283 maturarent
886 246 1099 292 instruere3
1140 245 1360 282 circumibat
1394 246 1475 293 ipse

157 310 330 356 ordines;
362 312 513 349 animos
544 311 704 348 militum
732 310 923 348 hortando
952 310 992 346 in
1026 322 1197 359 pugnam
1227 309 1474 347 accendebat.
1495 316 1556 348 375

157 374 216 411 Ibi
248 376 372 424 primo
404 376 545 414 alacres
578 376 730 425 signum
760 376 990 425 poscebant;
1023 375 1172 420 deinde,
1203 381 1390 424 quantum
1419 375 1475 411 in-

157 448 342 478 cresceret
362 448 499 485 aestus
521 448 557 478 et
583 441 705 478 voltus
731 442 858 478 minus
887 441 1057 490 vigentes
1079 447 1115 477 et
1135 452 1249 478 voces
1279 440 1476 489 segniores

157 513 274 551 erant,
304 513 340 542 et
379 506 534 554 quidam
563 506 827 543 incumbentes
859 507 973 544 scutis
1011 505 1165 554 nixique
1199 505 1283 554 pilis
1313 505 1475 542 stabant.

159 569 263 607 Tum
290 570 366 607 iam
393 578 520 620 aperte
547 571 678 620 primis
706 571 902 608 ordinibus
933 571 1093 619 inperat,
1115 578 1350 608 metarentur
1373 569 1476 607 fron-

158 643 235 671 tem
256 642 466 673 castrorum
486 642 524 673 et
542 636 804 686 inpedimenta
823 636 1108 674 constituerent.
1498 643 1560 682 330

535 796 566 820 2.
591 785 722 818 Nasica
747 792 797 819 too
820 798 920 830 eager
945 792 976 818 to
988 785 1095 829 fight.

215 889 334 935 Quod
354 889 417 926 ubi
448 888 527 926 fieri
551 889 687 925 milltes
715 901 877 933 sensere,
900 888 960 924 alii
988 901 1068 925 non
1098 888 1260 926 moleste
1290 888 1397 933 ferre,
1420 889 1480 926 alii

161 956 327 1005 gaudere
356 955 492 1003 palam,
514 954 620 1003 quod
648 954 770 991 fessos
794 955 875 990 viae
900 954 1030 991 labore
1057 954 1352 1002 flagrantissimo
1374 963 1480 991 aestu

161 1033 240 1058 non
260 1021 449 1069 coegisset
469 1031 652 1068 pugnare.
710 1019 845 1068 Legati
872 1019 971 1056 circa
992 1019 1264 1068 imperatorem
1286 1020 1480 1068 ducesque

161 1085 305 1123 externi
343 1091 461 1130 erant,
493 1085 588 1121 inter
625 1096 724 1133 quos
762 1091 800 1121 et
837 1084 999 1129 Attalus,
1034 1096 1169 1122 omnes
1208 1085 1478 1133 adprobantes,

162 1163 249 1188 cum
279 1156 535 1198 pugnaturum
565 1149 763 1185 consulem
794 1150 1000 1186 credebant
1015 1162 1025 1195 3
1057 1161 1182 1198 neque
1212 1151 1315 1186 enim
1344 1163 1392 1188 ne
1421 1151 1478 1188 his
1499 1155 1559 1194 385

161 1216 316 1265 quidem
354 1214 639 1252 cunctationem
682 1221 881 1263 aperuerat
919 1227 1040 1251 suam.
1116 1214 1230 1252 Tunc
1268 1216 1480 1254 mutatione

161 1281 308 1318 consilii
341 1280 465 1317 subita
499 1291 586 1316 cum
619 1279 680 1316 alii
712 1280 874 1324 silerent,
906 1279 1048 1317 Nasica
1080 1292 1180 1318 unus
1212 1293 1258 1318 ex
1298 1282 1478 1319 omnibus

151 1358 275 1383 ausus
304 1353 361 1382 est
390 1356 546 1381 monere
577 1345 787 1389 consulem,
809 1357 857 1382 ne
886 1345 1048 1390 hostem,
1070 1346 1304 1383 ludificatum
1334 1347 1478 1396 priores

159 1412 420 1459 imperatores,
443 1409 626 1455 fugiendo
658 1417 850 1447 certamen
879 1411 1056 1447 manibus
1077 1412 1276 1449 emitteret.
1333 1412 1477 1458 Vereri,

159 1489 217 1522 ne,
240 1477 270 1513 si
299 1482 412 1513 nocte
442 1477 565 1521 abeat,
585 1475 803 1524 sequendus
832 1476 1000 1513 maximo
1030 1477 1158 1514 labore
1179 1489 1224 1514 ac
1243 1478 1411 1526 periculo
1439 1479 1479 1515 in
1498 1491 1561 1523 390

157 1542 291 1579 intima
323 1541 577 1578 Macedoniae
613 1541 670 1585 sit,
705 1549 916 1588 aestasque,
956 1542 1051 1578 sicut
1085 1542 1274 1590 prioribus
1305 1543 1478 1588 ducibus,

158 1619 225 1656 per
272 1606 385 1644 calles
433 1606 627 1654 saltusque
672 1605 1016 1643 Macedonicorum
1064 1607 1254 1643 montium
1301 1608 1478 1656 vagando
1505 1602 1509 1606 ’

158 1671 447 1720 circumagatur.
520 1670 569 1707 Se
616 1683 853 1719 magnopere
901 1671 1072 1716 suadere,
1113 1672 1205 1708 dum
1252 1673 1290 1709 in
1338 1685 1477 1722 campo

157 1737 301 1787 patenti
330 1737 482 1774 hostem
507 1736 654 1781 habeat,
677 1735 917 1784 adgrediatur
943 1748 1013 1774 nec
1043 1737 1211 1773 oblatam
1231 1739 1477 1775 occasionem

157 1802 333 1840 vincendi
360 1803 515 1839 amittat.
574 1800 730 1846 Consul,
753 1801 845 1838 nihil
874 1801 1045 1838 offensus
1071 1802 1188 1839 libera
1213 1803 1476 1842 admonitione
1496 1818 1557 1851 395

157 1875 235 1906 tam
283 1867 372 1905 clari
409 1867 672 1912 adulescentis,
713 1866 786 1903 ‘Et
824 1866 922 1915 ego'
961 1866 1082 1916 inquit
1120 1867 1315 1904 ‘animum
1362 1869 1477 1906 istum

157 1933 282 1979 habui,
318 1933 471 1976 Nasica,
504 1945 620 1982 quem
657 1940 698 1969 tu
736 1944 839 1969 nunc
877 1931 1007 1976 habes,
1039 1939 1086 1977 et,
1108 1944 1224 1980 quem
1262 1945 1336 1982 ego
1375 1947 1478 1972 nunc

157 1998 294 2043 habeo,
314 2005 356 2035 tu
382 1998 553 2035 habebis.
611 1998 742 2034 Multis
768 1997 856 2034 belli
887 1997 1038 2034 casibus
1060 1996 1184 2042 didici,
1206 1999 1362 2045 quando
1382 2012 1478 2048 pug-

158 2063 339 2109 nandum,
370 2063 525 2112 quando
556 2063 825 2100 abstinendum
855 2073 987 2110 pugna
1015 2062 1072 2098 sit.
1131 2060 1221 2098 Non
1252 2075 1391 2112 operae
1421 2072 1478 2102 est

158 2128 272 2165 stanti
300 2140 402 2165 nunc
431 2128 471 2164 in
499 2128 580 2164 acie
609 2128 757 2172 docere,
782 2127 921 2175 quibus
951 2126 999 2163 de
1029 2129 1155 2164 causis
1182 2127 1296 2165 hodie
1326 2131 1476 2178 quiesse
1496 2145 1559 2177 400

155 2193 291 2231 melius
320 2193 377 2230 sit.
447 2192 632 2230 Rationes
662 2193 753 2230 alias
782 2192 995 2241 reposcito;
1031 2204 1133 2229 nunc
1163 2195 1385 2231 auctoritate
1417 2208 1477 2231 ve-

157 2259 245 2297 teris
264 2259 504 2308 imperatoris
524 2264 727 2297 contentus
747 2258 841 2296 eris.5
885 2256 1078 2295 Conticuit
1098 2258 1323 2296 adulescens
1335 2272 1345 2306 ;
1376 2259 1478 2296 haud
