1721 2584
248 119 270 148 2
610 117 698 148 THE
728 118 794 148 MA
804 117 1003 148 CEDONIA
1012 119 1046 146 N
1081 117 1145 147 1321
1156 118 1196 149 R.

246 216 424 262 ‹loniam3
473 224 508 254 et
547 226 760 266 praetorem
801 218 890 255 dare
929 229 1098 265 operam.
1135 226 1173 253 ut
1212 217 1347 253 eodem
1388 223 1560 263 tempore

246 281 375 318 classis
414 294 566 330 quoque
605 283 802 319 invehatur
839 282 1005 318 hostium
1040 282 1222 321 litoribus.
1292 281 1471 317 Praetore
1506 281 1559 316 di-

190 360 227 379 20
246 347 375 391 misso,
410 347 557 391 consul,
593 354 829 383 menstruum
869 347 1101 383 frumentum
1135 347 1239 382 iusso
1277 346 1392 382 milite
1431 357 1560 382 secum

247 411 352 455 ferre,
385 412 548 448 decumo
581 421 669 460 post
704 412 775 457 die,
808 424 923 459 quam
957 411 1165 448 exercitum
1197 419 1407 458 acceperat,
1440 417 1562 447 castra

247 477 376 521 movit,
411 482 447 512 et
486 477 597 513 unius
638 477 710 513 diei
750 488 974 524 progressus
1014 476 1091 519 iter,
1128 476 1349 512 convocatis
1388 475 1561 511 itinerum

249 541 419 585 ducibus,
455 553 541 577 cum
581 554 774 590 exponere
809 542 846 577 in
887 541 1047 577 consilio
1082 541 1263 583 iussisset,
1296 552 1372 588 qua
1403 540 1563 588 quisque

249 606 429 642 ducturus
459 612 569 649 esset,
601 607 802 642 summotis
831 606 885 649 iis,
916 617 1032 657 quam
1063 606 1160 641 viam
1193 606 1430 653 potissimum
1461 613 1563 652 pete-

193 686 227 715 25
250 679 314 713 ret,
345 671 483 707 rettulit
511 671 559 707 ad
590 672 802 709 consilium.
860 672 954 708 Aliis
984 683 1051 719 per
1075 671 1264 719 Pythoum
1296 671 1469 718 placebat
1493 671 1562 711 via,

248 737 328 772 aliis
354 749 420 784 per
440 735 678 773 Cambunios
706 744 868 780 montes,
890 749 965 784 qua
992 737 1116 785 priore
1144 748 1247 772 anno
1276 736 1433 772 duxerat
1460 735 1564 772 Hos-

250 803 348 838 tilius
386 802 532 846 consul,
567 803 648 839 aliis
687 810 835 851 praeter
868 802 1097 839 Ascuridem
1133 801 1323 850 paludem.
1381 801 1566 838 Restabat

250 867 481 915 aliquantum
504 867 584 903 viae
609 868 844 910 communis;
876 867 1002 915 itaque
1030 867 1068 902 in
1095 867 1133 903 id
1160 874 1323 914 teinpus,
1346 878 1422 915 quo
1444 879 1565 915 prope

250 932 450 968 divortium
481 932 655 968 itinerum
683 940 805 969 castra
834 932 992 980 posituri
1019 938 1134 982 erant,
1157 931 1377 967 deliberatio
1405 931 1486 967 eius
1513 932 1564 968 rei

190 1011 232 1040 30
251 997 429 1033 dissertur.
489 997 534 1033 In
567 996 834 1034 Perrhaebiam
869 996 958 1032 inde
994 995 1106 1039 ducit,
1137 1002 1173 1032 et
1204 996 1300 1031 inter
1329 995 1497 1031 Azorum
1529 1002 1566 1031 et

251 1061 440 1098 Dolichen
474 1063 607 1098 stativa
636 1062 766 1098 habuit
795 1061 843 1098 ad
873 1060 1154 1098 consulendum
1183 1072 1321 1104 rursus,
1352 1071 1468 1108 quam
1498 1071 1565 1109 po-

251 1128 438 1164 tissimum
459 1135 675 1175 capesseret
695 1127 805 1164 viam.

444 1252 474 1283 3.
524 1243 563 1274 In
589 1243 679 1275 three
703 1242 781 1284 days
807 1242 846 1274 he
863 1242 965 1285 gains
990 1241 1045 1274 the
1069 1247 1120 1284 top
1145 1241 1188 1281 of
1203 1240 1257 1273 the
1274 1247 1369 1284 pass.

303 1321 493 1359 Praemitti
525 1329 653 1359 tamen
686 1335 724 1360 1v
755 1323 858 1358 milia
888 1329 1120 1358 armatorum
1149 1321 1198 1358 ad
1227 1321 1311 1358 loca
1345 1328 1566 1369 opportuna

250 1388 570 1436 praeoccupanda
608 1387 758 1435 placuit,
791 1387 874 1435 quis
913 1386 1117 1435 praepositi
1157 1392 1244 1422 sunt
1278 1385 1332 1422 M.
1369 1385 1563 1429 Claudius,

191 1459 229 1490 35
251 1452 299 1498 Q.
329 1453 506 1494 Marcius.
536 1452 701 1489 consulis
732 1452 838 1488 filius.
896 1450 1108 1488 Confestim
1139 1457 1176 1487 et
1202 1451 1398 1487 universae
1429 1452 1562 1498 copiae

249 1518 516 1566 sequebantur.
575 1516 751 1554 Ceterum
779 1516 876 1553 adeo
903 1516 1020 1552 ardua
1050 1522 1085 1551 et
1113 1527 1247 1562 aspera
1272 1523 1307 1551 et
1333 1515 1564 1563 confragosa

249 1583 307 1619 via
332 1582 411 1624 fuit,
432 1589 473 1619 ut
496 1582 693 1631 praemissi
720 1581 886 1629 expediti
912 1581 1030 1617 biduo
1061 1580 1280 1629 quindecim
1307 1581 1452 1616 milium
1477 1593 1563 1628 pas-

250 1660 360 1684 suum
387 1659 500 1694 aegre
524 1647 654 1683 itinere
682 1646 859 1683 confecto
888 1652 1012 1682 castra
1035 1646 1231 1693 posuerint
1251 1645 1560 1693 quieverintque;

250 1711 419 1754 Dierum,
449 1724 563 1760 quem
594 1723 741 1760 cepere,
772 1711 898 1747 locum
928 1709 1129 1757 appellant.
1190 1708 1285 1746 Inde
1316 1716 1471 1758 postero
1502 1710 1563 1746 die

190 1789 233 1820 40
250 1790 302 1814 vu
339 1777 442 1814 milia
479 1777 682 1826 progressi,
722 1775 867 1812 tumulo
906 1774 1006 1810 haud
1052 1774 1183 1821 procul
1221 1774 1388 1810 hostium
1431 1774 1562 1811 castris

251 1844 374 1890 Capto,
417 1842 590 1878 nuntium
637 1842 684 1878 ad
733 1840 931 1877 consulem
983 1839 1186 1882 remittunt,
1235 1846 1458 1887 perventum
1513 1839 1563 1876 ad

251 1908 399 1944 hostem
448 1919 552 1950 esse;
610 1906 696 1943 loco
745 1918 784 1942 se
838 1911 920 1941 tuto
974 1910 1010 1940 et
1063 1904 1110 1940 ad
1165 1904 1296 1940 omnia
1342 1911 1561 1952 opportuno

250 1972 491 2016 consedisse;
526 1978 576 2015 ut,
613 1978 796 2019 quantuni
831 1969 1034 2005 extendere
1068 1969 1138 2005 iter
1171 1976 1312 2017 posset,
1348 1980 1560 2016 conseque-

251 2045 360 2073 retur.
437 2036 606 2072 Sollicito
645 2035 791 2072 consuli
831 2041 865 2070 et
904 2040 1059 2082 propter
1102 2033 1243 2070 itineris
1291 2033 1560 2077 difficultatem,

191 2117 230 2146 45
251 2102 355 2148 quod
390 2101 582 2148 ingressus
616 2106 706 2144 erat,
742 2105 778 2135 et
811 2110 943 2135 eorum
978 2097 1112 2142 vicem,
1147 2109 1245 2146 quos
1285 2109 1430 2145 paucos
1467 2097 1562 2134 inter

250 2166 377 2201 media
418 2165 605 2214 praesidia
641 2164 807 2200 hostium
857 2163 1112 2211 praemiserat,
1150 2162 1305 2198 nuntius
1352 2161 1401 2198 ad
1438 2163 1562 2199 Ascu-

250 2230 370 2266 ridem
418 2229 598 2277 paludem
640 2228 812 2265 occurrit.
881 2226 1022 2263 Addita
1070 2225 1181 2273 igitur
1227 2233 1264 2263 et
1311 2226 1383 2275 ipsi
1423 2226 1561 2263 fiducia

250 2302 318 2338 est,
367 2294 655 2341 coniunctisque
700 2292 832 2340 copiis,
878 2298 1000 2328 castra
1043 2291 1203 2337 tumulo,
1243 2291 1307 2340 qui
1351 2292 1560 2337 tenebatur,
