1721 2584
149 446 211 477 405

147 772 211 803 410

147 1098 207 1129 415

148 1533 212 1563 420

146 1853 207 1884 425

148 2175 208 2207 430

239 108 288 148 16
596 118 686 149 THE
715 119 780 148 MA
791 119 991 149 CEDONJA
1000 120 1036 148 N
1068 119 1185 152 WAR.

233 216 346 253 dubie
385 216 510 254 videre
549 218 674 266 aliqua
703 217 976 268 impedimenta
1014 231 1168 267 pugnae
1207 218 1416 266 consulem,
1450 232 1548 270 quae

232 281 300 318 sibi
330 293 410 318 non
439 290 679 331 apparerent.

343 378 373 409 3.
423 368 561 402 Caution
587 368 630 410 of
647 369 786 410 Paulus,
813 368 932 402 whilst
956 370 1010 402 the
1034 377 1131 413 camp
1156 371 1184 403 is
1209 370 1304 415 being
1327 372 1434 404 made.

286 435 435 482 Paulus,
467 445 672 486 postquam
702 446 842 474 metata
875 445 996 475 castra
1033 439 1380 488 impedimentaque
1415 441 1547 478 conlo·

231 509 315 538 cata
333 502 609 547 animadvertit,
631 515 677 539 ex
704 510 898 551 postrema
926 504 1004 539 acie
1026 504 1171 541 triarios
1195 505 1339 553 primos
1360 505 1545 549 subducit,

231 566 369 603 deinde
403 567 603 616 principes,
635 568 821 604 stantibus
856 568 892 603 in
927 568 1047 615 prima
1077 569 1155 605 acie
1194 569 1357 614 hastatis,
1387 570 1417 606 si
1456 570 1548 618 quid

230 630 350 668 hostis
376 639 555 672 moveret,
578 639 773 680 postremo
801 631 981 677 hastatos,
1003 633 1050 669 ab
1075 634 1207 670 dextro
1235 635 1399 682 primum
1427 646 1546 671 cornu

230 696 467 744 singulorum
516 696 696 745 paulatim
745 697 942 745 signorum
990 698 1126 735 milites
1173 699 1409 736 subtrahens.
1488 699 1547 736 Ita

230 761 386 809 pediteS,
407 761 594 808 equitibus
618 773 705 798 cum
733 761 802 798 levi
831 770 1018 798 armatura
1045 770 1130 800 ante
1157 764 1278 800 aciem
1299 764 1400 801 hosti
1421 776 1546 814 oppo-

230 827 317 869 sitis,
349 826 429 862 sine
466 826 627 862 tumultu
667 827 839 871 abducti;
882 839 952 864 nec
991 835 1089 871 ante,
1125 840 1239 876 quam
1279 830 1401 877 prima
1439 829 1544 866 frons

230 891 312 926 valli
333 903 376 927 ac
404 890 508 928 fossa
534 891 718 939 perducta
741 899 808 936 est,
831 904 876 928 ex
905 893 1068 929 statione
1096 894 1240 941 equites
1260 894 1423 930 revocati
1443 902 1542 931 sunt.

231 955 314 992 Rex
353 967 520 1004 quoque,
553 968 640 993 cum
681 957 761 993 sine
800 957 1070 995 detrectatione
1109 966 1260 1007 paratus
1294 971 1465 1008 pugnare
1497 972 1543 997 eo

230 1021 290 1057 die
338 1020 478 1064 suisset,
518 1028 732 1066 contentus,
772 1022 876 1071 quod
924 1035 992 1071 per
1038 1023 1190 1060 hostem
1233 1036 1382 1060 moram
1430 1024 1543 1062 fuisse

229 1098 382 1135 pugnae
410 1087 559 1132 scirent,
589 1093 626 1123 et
654 1087 734 1135 ipse
765 1088 803 1124 in
833 1095 954 1124 castra
982 1089 1114 1137 copias
1145 1088 1300 1126 reduxit.

386 1192 418 1221 4.
468 1180 531 1214 ‘The
555 1193 647 1213 moon
673 1181 706 1212 in
731 1181 791 1212 her
815 1193 925 1213 course
936 1181 1046 1225 fights
1071 1182 1208 1224 against
1233 1183 1380 1215 Perseus.

283 1251 426 1290 Castris
455 1252 688 1300 permunitis,
719 1251 762 1289 C.
795 1251 982 1300 Sulpicius
1012 1251 1155 1298 Gallus,
1186 1253 1356 1290 tribunus
1386 1255 1544 1290 militurn

231 1317 420 1354 secundae
450 1317 621 1365 legionis,
653 1317 716 1365 qui
747 1324 898 1365 praetor
928 1317 1121 1364 superiore
1155 1329 1258 1354 anno
1291 1317 1419 1363 fuerat,
1452 1331 1544 1356 con-

231 1382 320 1419 sulis
351 1382 536 1430 permissu
566 1382 613 1418 ad
644 1382 864 1418 contionem
894 1382 1072 1417 militibus
1102 1383 1254 1426 vocatis,
1277 1385 1542 1431 pronuntiavit.

230 1454 343 1484 nocte
373 1447 558 1495 proxima,
588 1459 635 1484 ne
665 1447 750 1496 quis
779 1447 816 1483 id
845 1458 914 1496 pro
944 1454 1122 1495 portento
1152 1448 1350 1495 acciperet,
1374 1449 1422 1485 ab
1452 1448 1544 1486 hora

231 1512 398 1549 secunda
422 1524 543 1561 usque
570 1512 617 1548 ad
645 1518 817 1560 quartam
847 1511 981 1548 horam
1008 1512 1130 1548 noctis
1157 1512 1286 1548 lunam
1313 1512 1542 1550 defecturam

229 1589 323 1614 esse.
392 1575 448 1622 Id,
471 1577 558 1626 quia
587 1576 743 1613 naturali
764 1576 896 1613 ordine
918 1577 1021 1613 statis
1042 1577 1277 1624 temporibus
1299 1577 1372 1621 fiat,
1394 1584 1430 1614 et
1459 1579 1543 1615 sciri

230 1650 316 1679 ante
347 1649 383 1679 et
416 1641 582 1691 praedici
612 1654 737 1690 posse.
795 1641 929 1690 Itaque
963 1642 1300 1690 quemadmodum,
1328 1643 1416 1691 quia
1453 1644 1544 1680 certi

230 1708 320 1744 solis
352 1707 540 1756 lunaeque
569 1714 605 1744 et
634 1714 737 1744 ortus
776 1714 813 1744 et
850 1719 1011 1744 occasus
1041 1708 1126 1752 sint,
1156 1720 1257 1744 nunc
1291 1708 1406 1756 pleno
1440 1709 1543 1751 orbe,

228 1785 332 1810 nunc
364 1779 628 1809 senescentem
661 1772 802 1821 exiguo
834 1785 953 1810 cornu
986 1773 1127 1821 fulgere
1160 1774 1286 1809 lunam
1321 1785 1400 1810 non
1433 1774 1545 1810 mira-

228 1845 366 1882 rentur,
389 1838 440 1874 ita
464 1849 514 1874 ne
542 1838 735 1874 obscurari
757 1837 921 1885 quidem,
945 1850 1030 1874 cum
1053 1839 1240 1874 condatur
1260 1840 1394 1875 umbra
1413 1845 1542 1879 terrae,

229 1903 373 1940 trahere
405 1902 443 1939 in
473 1902 691 1951 prodigium
724 1902 873 1939 debere.
937 1901 1074 1945 Nocte,
1109 1915 1223 1951 quam
1262 1904 1382 1952 pridie
1421 1916 1544 1941 nonas

230 1967 471 2017 Septembres
491 1968 662 2005 insecuta
686 1974 742 2005 est
764 1967 853 2011 dies,
872 1967 975 2004 'edita
994 1968 1089 2005 liora
1114 1969 1202 2005 luna
1222 1982 1309 2006 cum
1331 1969 1542 2016 defecisset,

230 2032 415 2069 Romanis
434 2032 614 2069 militibus
635 2032 734 2070 Galli
759 2032 942 2081 sapientia
961 2045 1079 2081 prope
1101 2034 1225 2071 divina
1244 2035 1381 2080 videri3
1411 2034 1544 2072 Mace-

228 2097 350 2134 donas
388 2104 429 2134 ut
475 2098 576 2135 triste
614 2097 844 2146 prodigium,
883 2109 1064 2134 occasum
1107 2098 1213 2147 regni
1260 2100 1542 2149 perniciemque

228 2163 352 2210 gentis
378 2162 622 2210 portendens,
643 2163 772 2202 movit,
793 2173 864 2199 nec
892 2162 996 2199 aliter
1015 2170 1129 2200 vates.
1187 2163 1342 2201 Clamor
1362 2165 1542 2202 ululatus-v

229 2240 302 2277 que
331 2228 369 2263 in
399 2228 528 2265 castris
555 2226 816 2265 Macedonum
847 2227 924 2273 fuit,
946 2227 1070 2266 donec
1099 2229 1188 2266 luna
1217 2229 1254 2266 in
1284 2241 1391 2267 suam
1417 2230 1542 2268 lucem

226 2291 388 2330 emersit.
