1721 2584
358 120 390 150 1.
453 120 543 150 THE
576 120 722 150 THIRD
752 121 876 151 YEAR
911 121 969 151 OF
1001 121 1090 152 THE
1126 121 1244 153 WAR.
1432 119 1460 164 5

141 222 275 254 natura
302 218 473 265 infestus,
496 231 565 269 per
591 226 770 271 quattuor
796 218 974 256 distantia
1000 218 1087 256 loca
1115 217 1315 268 praesidiis
1344 217 1457 268 regiis

141 280 210 319 fuit
228 282 412 322 insessus.

166 411 198 441 7.
226 403 262 434 A
283 402 490 436 detachment
514 402 617 436 under
641 404 695 436 the
717 402 871 436 consular
896 402 1041 447 Popilius
1065 402 1194 435 invests
1219 399 1427 436 Heracleum.

191 481 370 531 Popilius,
398 483 620 533 priusquam
649 491 818 520 armatos
844 483 962 520 muris
989 482 1220 528 admoveret,
1249 477 1361 528 misit,
1389 482 1454 531 qui

137 548 421 595 magistratibus
452 548 763 597 principibusque
796 548 1009 593 suaderent,
1043 547 1159 584 fidem
1193 547 1455 584 clementiam-

136 624 211 661 que
250 612 518 650 Romanorum
557 624 673 662 quam
713 614 788 649 vim
827 612 988 661 experiri
1032 612 1199 650 mallent.
1268 612 1373 649 Nihil
1409 624 1455 650 ea

136 677 295 715 consilia
328 685 539 722 moverunt,
570 678 658 726 quia
687 678 796 727 ignes
830 678 878 714 ad
906 677 1072 725 Elpeum
1108 689 1154 714 ex
1188 679 1288 726 regis
1323 679 1454 715 castris

136 743 384 791 apparebant.
443 742 546 779 Tum
585 751 683 780 terra
727 744 899 791 marique
945 741 997 792 (et
1040 742 1171 779 classis
1209 742 1370 791 adpulsa
1407 743 1455 779 ab

136 807 242 844 litore
270 808 411 853 stabat)
443 807 555 844 simul
584 808 710 853 armis,
740 808 851 844 simul
881 808 1062 856 operibus
1093 808 1356 856 machinisque
1385 819 1456 857 op-

136 873 296 922 pugnari
334 873 472 921 coepti.
541 872 704 911 Iuvenes
742 874 854 910 etiam
894 874 1051 922 quidam
1090 872 1271 918 Romani,
1310 873 1456 911 ludicro

135 938 297 975 circensi
334 938 383 974 ad
423 950 537 975 usum
582 938 669 975 belli
708 950 831 984 verso,
870 946 1018 988 partem
1062 938 1314 976 humillimam
1358 939 1456 976 muri

135 1011 329 1052 ceperunt.
388 1002 480 1040 Mos
519 1011 598 1040 erat
632 1011 723 1048 tum,
760 1005 935 1041 nondum
969 1004 1043 1041 hac
1077 1004 1266 1042 effusione
1299 1004 1465 1042 inducta⁴

134 1069 265 1105 bestiis
295 1068 469 1105 omnium
499 1069 673 1117 gentium
703 1069 847 1106 circum
881 1070 1097 1118 conplendi,
1126 1070 1227 1107 varia
1256 1076 1454 1119 spectacu-

134 1134 256 1170 lorum
301 1134 527 1182 conquirere
572 1146 737 1182 genera;
788 1147 877 1172 nam
923 1135 1041 1172 semel
1087 1135 1294 1184 quadrigis,
1338 1135 1468 1173 semel,

135 1199 324 1235 desultore
354 1199 481 1243 misso,
503 1199 572 1235 vix.
592 1199 704 1236 unius
735 1199 851 1236 horae
880 1208 1032 1248 tempus
1058 1207 1262 1248 utrumque
1292 1200 1457 1237 curricu-

134 1263 212 1300 lum
247 1264 476 1313 complebat.
536 1264 638 1301 Inter
672 1273 798 1302 cetera
831 1266 1012 1314 sexageni
1048 1266 1166 1303 ferme
1200 1267 1366 1312 iuvenes,
1401 1267 1458 1304 in·

135 1329 284 1366 terdum
323 1330 450 1378 plures
489 1331 792 1379 apparatioribus
836 1331 944 1376 ludis,
985 1331 1118 1368 armati
1163 1331 1456 1369 inducebantur.

136 1394 290 1431 Horum
319 1393 488 1431 inductio
518 1407 566 1431 ex
596 1403 699 1443 parte
729 1396 973 1433 simulacrum
1004 1396 1238 1433 decurrentis
1269 1397 1456 1435 exercitus

135 1465 226 1505 erat,
256 1471 304 1496 ex
335 1467 440 1508 parte
475 1459 719 1508 elegantioris
751 1473 866 1509 quam
899 1461 1069 1498 militaris
1100 1461 1188 1498 artis
1221 1463 1456 1511 propiorque

133 1524 398 1572 gladiatorium
438 1537 631 1562 armorum
669 1538 792 1564 usum;
864 1525 963 1563 Cum
995 1526 1089 1563 alios
1122 1526 1285 1564 decursu
1318 1527 1456 1564 edidis-

135 1596 219 1626 sent
239 1596 377 1634 motus,
401 1589 586 1639 quadrato
613 1592 768 1639 agmine
795 1591 905 1636 facto,
928 1593 1045 1628 scutis
1072 1604 1187 1640 super
1214 1592 1339 1640 capita
1364 1593 1464 1630 den-—

134 1655 235 1699 satis,
257 1655 446 1692 stantibus
466 1655 610 1705 primis,
632 1657 811 1693 secundis
832 1656 1168 1700 summissioribus,
1189 1658 1306 1694 tertiis
1331 1659 1467 1708 magis»

135 1727 171 1757 et
208 1720 362 1769 quartis,
402 1721 605 1769 postremis
644 1721 757 1758 etiarn
795 1734 899 1769 genu
938 1722 1046 1766 nixis,
1087 1722 1317 1771 fastigatam,
1359 1720 1455 1761 sicut

134 1792 233 1823 tecta
266 1785 527 1823 aedificiorum
561 1793 660 1832 sunt,
687 1787 919 1824 testudinem
954 1786 1155 1824 faciebant.
1212 1786 1317 1825 Hinc
1345 1789 1456 1838 quin-

134 1850 316 1899 quaginta
344 1849 463 1887 ferme
490 1851 633 1899 pedum
661 1853 783 1900 spatio
814 1853 999 1899 distantes
1030 1853 1107 1889 duo
1136 1853 1269 1889 armati
1298 1866 1457 1903 procur-

134 1918 277 1962 rebant,
306 1916 606 1965 comminatique
634 1917 730 1954 inter
757 1930 808 1963 se,
838 1918 885 1954 ab
913 1918 989 1954 ima
1015 1919 1053 1954 in
1083 1930 1274 1955 summam
1301 1919 1458 1957 testudi-

134 1994 223 2019 nem
253 1993 322 2030 per
348 1981 508 2017 densata
537 1989 644 2018 scuta
673 1995 761 2019 cum
791 1983 1009 2028 evasissent,
1030 1995 1132 2020 nunc
1156 1983 1256 2020 velut
1285 1997 1454 2035 propug-

134 2054 270 2084 nantes
303 2058 371 2095 per
405 2057 492 2082 oras
526 2055 718 2084 extremae
753 2048 962 2093 testudinis,
993 2061 1097 2086 nunc
1128 2049 1167 2086 in
1196 2049 1324 2088 media
1356 2051 1454 2089 inter

134 2125 173 2150 se
201 2118 486 2157 concurrentes,
506 2111 608 2149 haud
635 2125 745 2150 secus
773 2126 889 2162 quam
917 2114 1040 2150 stabili
1069 2114 1152 2152 solo
1179 2115 1454 2164 persultabant.

133 2177 237 2215 Huic
267 2176 420 2214 testudo
450 2177 580 2214 similis
613 2178 846 2216 humillimae
876 2179 972 2228 parti
1003 2180 1100 2216 muri
1129 2179 1296 2219 admota.
1352 2180 1454 2219 Cum

133 2242 266 2280 armati
286 2254 400 2291 super
419 2249 562 2279 stantes
583 2243 782 2288 subissent,
804 2245 1155 2293 propugnatoribus
1176 2246 1272 2282 muri
1297 2245 1451 2297 fastigio

133 2309 339 2348 altitudinis
368 2308 654 2357 aequabantur3
689 2309 933 2358 depulsisque
967 2310 1023 2356 iis,
1052 2311 1092 2348 in
1120 2312 1255 2350 urbem
1284 2313 1449 2353 duorum

1478 295 1541 320 110

1479 757 1537 788 115

1480 1079 1539 1102 120

1480 1412 1536 1442 125

1479 1736 1539 1767 130

1477 2067 1535 2098 135
