1721 2584
215 133 238 173 8
579 142 668 172 THE
699 142 764 171 MA
774 140 1016 171 CEDONIAN
1050 140 1116 170 WA
1125 141 1168 173 R.

211 247 307 278 trem
336 253 446 279 suum
477 253 731 290 oppressum;
769 240 944 278 Eumene
973 240 1175 277 adiuvante
1207 246 1244 277 et
1281 238 1446 288 quadam
1483 250 1528 275 ex

212 314 317 354 parte
353 307 468 343 etiam
503 306 691 354 Philippo,
722 313 827 354 patre
862 317 944 349 suo,
974 304 1214 341 Antiochum
1247 313 1528 353 oppugnatum.

213 370 259 407 In
297 383 337 408 se
376 383 478 408 nunc
517 378 553 408 et
590 370 795 407 Eumenen
835 377 871 407 et
910 369 1082 406 Prusiam
1128 376 1296 406 armatos
1334 381 1429 406 esse.
1489 368 1528 405 Si

213 436 467 473 Macedoniae
490 448 649 484 regnum
675 436 865 472 sublatum
892 435 999 480 foret,
1020 447 1249 483 proxumam
1275 435 1406 471 Asiam
1434 447 1528 478 esse,

134 514 193 546 195
213 513 329 550 quam
367 502 443 538 iam
480 514 527 538 ex
566 509 682 549 parte,
718 502 788 537 sub
829 500 955 548 specie
993 499 1174 536 liberandi
1213 500 1392 544 civitates,
1422 511 1528 536 suam

212 566 390 611 fecerint;
432 565 570 602 deinde
613 565 770 613 Syriam.
840 565 924 601 Iam
964 564 1135 601 Prusiam
1178 563 1344 601 Eumeni
1382 564 1527 601 honore

212 631 400 680 praeferri,
437 632 511 667 iam
545 630 781 667 Antiochum
811 630 993 666 victorem
1027 629 1198 677 praemio
1230 629 1316 665 belli
1349 630 1526 678 Aegypto

213 696 340 733 arceri.
399 694 509 731 Haec
540 695 773 742 cogitantem
805 693 1004 742 providere
1033 694 1197 745 iubebat,
1227 701 1266 730 ut
1295 702 1358 730 aut
1387 694 1435 730 ad
1465 706 1529 742 pa-

213 773 298 798 cem
330 772 460 797 secum
496 759 710 796 faciendam
746 759 977 806 conpelleret
1016 758 1221 796 Romanos
1259 767 1323 795 aut
1360 771 1530 807 perseve-

136 839 196 861 200
215 834 338 863 rantes
368 826 407 862 in
438 825 537 862 bello
571 825 712 861 iniusto
752 836 979 861 communes
1010 823 1164 861 duceret
1196 826 1370 861 omnium
1401 835 1531 873 regum

215 893 356 929 hostes.

612 1005 642 1035 5.
695 994 785 1026 How
813 993 851 1026 he
876 992 938 1026 lost
964 993 1052 1026 them
1077 992 1137 1027 all.

266 1075 344 1113 Ubi
374 1075 421 1112 ad
453 1075 637 1123 pecuniae
670 1075 905 1111 mentionem
934 1082 1088 1111 ventum
1117 1081 1207 1119 erat,
1233 1074 1281 1111 ibi
1311 1074 1531 1119 haesitabat,

216 1150 252 1179 et
283 1142 411 1190 utique
447 1141 601 1176 alteram
639 1140 730 1176 tanti
767 1139 935 1176 nominis
966 1140 1118 1187 regibus
1153 1147 1301 1188 turpem
1337 1153 1381 1176 ac
1416 1141 1534 1176 sordi-

218 1207 317 1250 dam,
348 1214 384 1242 et
419 1205 521 1242 danti
557 1212 593 1242 et
627 1205 750 1253 magis
780 1204 990 1252 accipienti,
1023 1205 1241 1241 mercedem
1273 1217 1356 1241 esse
1386 1206 1533 1250 aiebat3

135 1285 195 1315 205
218 1272 254 1307 in
285 1283 394 1318 spem
425 1270 626 1307 Romanae
658 1270 762 1318 pacis
793 1281 872 1306 non
902 1281 1074 1305 recusare
1106 1270 1331 1318 impensam,
1353 1270 1420 1307 sed
1450 1282 1535 1306 eam

216 1336 420 1384 pecuniam
469 1335 636 1384 perfecta
679 1347 717 1370 re
749 1335 946 1379 daturum;
995 1335 1140 1370 interea
1181 1333 1452 1371 Samothracae
1497 1335 1533 1370 in

216 1401 358 1450 templo
390 1401 664 1449 depositurum.
722 1399 779 1435 Ea
809 1399 931 1435 insula
965 1411 1050 1436 cum
1084 1399 1202 1447 ipsius
1234 1399 1393 1435 dicionis
1425 1409 1533 1444 esset,

215 1467 342 1503 videre
372 1465 569 1502 Eumenes
594 1465 684 1501 nihil
709 1465 901 1509 interesse,
925 1464 971 1500 ibi
999 1476 1046 1500 an
1072 1463 1197 1500 Pellae
1225 1465 1387 1512 pecunia
1414 1474 1533 1510 essem

216 1531 253 1567 id
288 1543 412 1578 agere,
444 1537 484 1567 ut
519 1537 665 1579 partem
705 1529 870 1577 aliquam
910 1538 1150 1577 praesentem
1187 1528 1307 1565 ferret.
1367 1529 1434 1571 Ita,
1467 1543 1533 1566 ne-

138 1611 199 1633 210
218 1598 423 1646 quicquam
452 1596 548 1632 inter
577 1607 618 1632 se
647 1595 798 1643 captati,
820 1594 910 1630 nihil
940 1602 1087 1642 praeter
1114 1593 1311 1630 infamiam
1341 1607 1505 1632 movere.

609 1723 642 1754 6.
692 1722 774 1754 And
797 1721 850 1754 the
877 1720 982 1753 Gauls
1007 1720 1140 1753 besides.

274 1803 349 1841 Sed
380 1811 415 1840 et
439 1811 525 1839 ante
555 1802 669 1839 Genti
696 1802 795 1850 regis
819 1809 949 1850 parata
975 1801 1137 1837 societas
1163 1808 1198 1837 et
1225 1808 1302 1837 tum
1327 1800 1535 1848 Gallorum,

220 1869 428 1906 effusorum
464 1881 530 1916 per
565 1867 766 1915 illyricum,
797 1867 933 1914 ingens
965 1865 1134 1902 oblatum
1170 1867 1349 1902 auxilium
1385 1869 1537 1905 avaritia

220 1935 417 1970 dimissum
454 1941 520 1969 est.
579 1932 797 1968 Veniebant
829 1944 850 1968 x
890 1931 993 1967 milia
1031 1931 1213 1979 equitum,
1251 1945 1317 1979 par
1356 1945 1535 1970 numerus

219 2000 402 2048 perlitum,
428 2006 464 2035 et
494 1999 663 2046 ipsorum
696 1997 933 2045 iungentium
964 2008 1117 2032 cursum
1146 1998 1252 2044 equis
1283 2004 1318 2034 et
1348 1998 1385 2033 in
1416 1999 1535 2035 vicem

142 2078 198 2108 2¹5
221 2065 485 2112 prolapsorum
510 2065 679 2112 equitum
706 2074 847 2099 vacuos
876 2062 1105 2109 capientium
1133 2063 1180 2097 atl
1207 2075 1376 2111 pugnam
1403 2076 1535 2112 equos.

223 2129 275 2164 Hi
323 2129 422 2177 pacti
461 2137 577 2171 erant,
626 2140 743 2176 eques
793 2127 913 2163 denos
961 2134 1181 2174 praesentes
1229 2139 1375 2172 aureos,
1416 2129 1535 2176 pedes

221 2195 370 2242 quinos,
412 2194 511 2229 mille
557 2193 633 2228 (lux
676 2204 819 2228 eorum.
878 2190 1130 2228 Venientibus
1178 2191 1235 2227 his
1283 2191 1443 2229 Perseus
1488 2195 1535 2229 ab

219 2259 341 2307 Elpeo
371 2271 417 2293 ex
452 2258 580 2293 eastris
616 2257 809 2303 profectus
844 2257 996 2292 obviam
1032 2268 1119 2292 cum
1154 2256 1308 2292 dimidia
1340 2258 1532 2304 copiarum

219 2331 325 2372 parte
355 2323 578 2358 ‹lc-nuntiare
610 2334 674 2369 per
703 2321 806 2357 vicos
838 2322 1036 2368 urbesque,
1059 2333 1156 2369 quae
1187 2321 1266 2357 viae
1296 2322 1533 2370 propinquae
