1721 2584
136 1378 196 1408 2⁶0

139 1702 196 1741 265

145 2180 203 2212 270

213 127 263 155 10
577 122 666 151 THE
692 120 755 150 MA
766 121 963 150 CEDONIA
973 120 1006 149 N
1041 120 1156 153 WAR.

210 230 259 267 ut,
280 235 380 266 cum,
403 223 471 258 utri
504 221 734 258 Macedonia
764 221 911 258 consuli
940 221 1075 269 cuique
1104 220 1266 269 praetori
1288 219 1418 257 classis
1438 231 1521 256 eve-

211 289 338 332 nisset,
374 289 538 331 sciretur,
574 297 614 322 ut
648 287 722 322 iarn
762 285 849 322 inde
884 286 1096 334 cogitarent
1134 294 1396 334 pararentque,
1426 297 1522 333 quae

211 353 308 388 bello
347 353 429 389 usui
474 352 605 395 forent,
641 358 892 398 senatumque
927 351 1179 394 consulerent,
1219 350 1250 386 si
1288 361 1363 398 qua
1401 349 1447 386 de
1485 361 1524 384 re

211 417 386 453 consulto
425 429 522 464 opus
561 426 671 452 esset.
743 415 911 459 Latinas,
951 416 1014 450 ubi
1053 415 1316 460 magistratum
1357 414 1524 458 inissent,

155 498 168 525 5
212 482 315 531 quod
348 494 414 530 per
446 482 648 529 religiones
680 488 848 529 possent.
879 480 1003 528 primo
1043 492 1197 528 quoque
1237 487 1409 528 tempore
1449 479 1524 515 fieri

212 546 363 594 placuit,
403 558 450 582 ne
485 545 574 593 quid
614 545 824 588 consulem,
865 544 923 580 cui
963 544 1131 580 eundum
1170 544 1208 579 in
1256 542 1526 580 Macedoniam

213 618 322 655 esset,
363 617 518 647 teneret.
589 609 663 646 His
707 610 878 653 decretis,
919 609 1138 645 consulibus
1176 608 1284 645 Italia
1322 617 1358 645 et
1397 608 1527 645 Mace-

212 676 338 720 donia,
361 675 597 723 praetoribus
622 681 772 723 praeter
798 674 892 711 duas
919 674 1195 710 iurisdictiones
1222 674 1258 709 in
1286 674 1376 710 urbe
1398 674 1528 711 classis

212 749 249 777 et
270 741 458 789 Hispania
478 748 513 776 et
536 739 662 776 Sicilia
689 746 726 776 et
753 739 927 775 Sardinia
944 740 1160 787 provinciae
1189 740 1405 775 nominatae
1429 746 1528 776 sunt.

155 819 192 849 55
213 806 424 843 Consulum
447 805 610 841 Aemilio
633 804 875 850 Macedonia,
896 803 1046 840 Licinio
1067 802 1172 839 Italia
1192 804 1326 840 evenit.

511 946 542 968 2.
590 935 654 967 ‘she
678 935 789 968 consul
795 935 819 968 's
844 935 954 978 speech
977 942 1009 968 to
1035 935 1088 968 the
1108 934 1226 979 people.

342 1042 371 1062 a.
401 1031 437 1062 ‘I
461 1042 503 1072 go
528 1037 561 1062 to
586 1030 678 1072 place
702 1030 822 1072 myself
840 1038 873 1062 at
898 1031 951 1062 the
976 1037 1082 1062 centre
1106 1031 1143 1062 of
1162 1031 1217 1062 the
1240 1031 1402 1073 position?

269 1109 612 1146 ‘Animadvertisse
652 1109 790 1154 videor,
830 1109 1008 1156 Quirites,
1046 1111 1227 1146 maiorem
1269 1111 1359 1146 1111111
1400 1112 1530 1147 sortito

214 1175 485 1212 Macedoniam
514 1175 749 1223 provinciam
783 1175 1074 1223 gratulationem
1107 1174 1256 1217 factam,
1292 1188 1406 1224 quam
1444 1188 1530 1212 cum

214 1248 278 1277 aut
304 1239 437 1276 consul
466 1252 549 1276 surn
579 1240 849 1285 consalutatus,
875 1246 939 1276 aut
965 1251 1042 1288 quo
1069 1239 1129 1276 die
1157 1241 1416 1288 magistratum
1446 1242 1530 1285 inii;

216 1317 340 1354 neque
367 1305 404 1341 id
430 1305 482 1340 ob
509 1304 621 1340 aliam
649 1316 815 1345 causam,
837 1316 952 1352 quam
980 1305 1069 1352 quia
1097 1305 1196 1341 bello
1224 1306 1261 1341 in
1291 1305 1531 1348 Macedoniav

216 1370 321 1419 quod
359 1369 423 1406 diu
471 1369 635 1412 trahitur,
675 1370 916 1406 existimastis
962 1369 1119 1417 dignum
1167 1370 1361 1406 maiestate
1402 1373 1532 1419 populi

217 1436 385 1472 Romani
415 1436 558 1471 exitum
589 1447 654 1483 per
683 1446 744 1470 me
775 1434 908 1482 inponi
937 1446 1062 1482 posse.
1118 1434 1224 1471 Deos
1262 1447 1416 1483 quoque
1446 1437 1532 1473 liuic

216 1501 351 1537 favisse
382 1501 472 1537 sorti
503 1511 627 1548 spero,
657 1499 892 1547 eosdemque
922 1499 961 1535 in
990 1500 1102 1535 rebus
1132 1500 1308 1547 gerendis
1338 1500 1532 1538 adiuturos

217 1579 312 1603 esse.
371 1565 482 1602 Haec
513 1565 648 1614 partim
678 1565 851 1607 ominari,
883 1565 1016 1612 partim
1046 1576 1197 1613 sperare
1228 1577 1408 1612 possum;
1445 1567 1532 1602 illud

217 1631 416 1668 adfirmare
447 1641 516 1679 pro
548 1637 651 1667 certo
683 1629 819 1673 audeo,
850 1641 911 1666 me
942 1631 1047 1666 omni
1079 1642 1153 1678 ope
1187 1630 1405 1666 adnisurum
1437 1644 1531 1669 esse.

218 1709 265 1734 ne
297 1696 430 1732 frustra
460 1707 527 1732 vos
566 1694 665 1731 hanc
697 1706 804 1742 spem
837 1694 882 1731 de
914 1707 976 1731 me
1011 1695 1273 1743 conceperitis.
1342 1694 1452 1740 Quae
1486 1696 1532 1732 ad

218 1762 357 1798 bellum
384 1773 483 1809 opus
511 1767 610 1804 sunt,
632 1767 668 1796 et
694 1768 846 1796 senatus
872 1759 1034 1796 decrevit
1061 1768 1107 1804 et,
1130 1761 1311 1807 quoniam
1341 1762 1533 1808 extemplo

219 1827 406 1875 proficisci
427 1827 549 1874 placet
570 1838 694 1873 neque
715 1838 788 1873 ego
816 1826 854 1861 in
874 1837 981 1862 mora
1002 1837 1096 1865 sum,
1120 1825 1162 1861 C.
1187 1825 1353 1862 Licinius
1375 1826 1532 1875 collega,

217 1893 270 1928 vir
309 1893 495 1939 egregius,
535 1903 655 1939 aeque
695 1891 805 1927 enixe
849 1891 1005 1938 parabit,
1048 1902 1092 1926 ac
1131 1890 1159 1926 si
1198 1891 1280 1938 ipse
1318 1890 1355 1927 id
1396 1892 1531 1928 bellum

218 1967 393 2006 gesturus
422 1965 532 1994 esset.

218 2044 245 2074 b.
290 2042 325 2073 ‘I
342 2043 408 2072 will
426 2042 481 2073 tell
503 2053 566 2083 you
590 2043 644 2073 the
661 2041 767 2072 whole
788 2041 893 2076 t1·uth;
917 2041 960 2070 do
982 2045 1038 2070 not
1062 2051 1124 2080 you
1146 2039 1235 2070 mind
1258 2040 1312 2072 the
1337 2040 1405 2072 talk
1424 2041 1460 2072 of
1482 2041 1532 2071 the

650 2085 733 2116 cases
749 2084 811 2115 and
828 2084 882 2115 the
900 2084 1104 2124 cooksliopss

277 2163 393 2208 ‘Vos,
433 2176 530 2212 quae
570 2163 756 2211 scripsero
797 2162 941 2198 senatui
985 2169 1048 2197 aut
1086 2162 1205 2205 vobis,
1244 2173 1289 2198 ea
1327 2174 1414 2198 vera
1453 2175 1534 2201 esse

223 2229 380 2265 credatis
416 2240 522 2272 rogo,
554 2240 647 2264 neve
677 2239 846 2263 rumores
876 2226 1093 2262 credulitate
1132 2234 1252 2262 vestra
1291 2227 1407 2269 alatis,
1440 2239 1534 2275 quo--

222 2306 300 2330 rum
352 2304 481 2329 auctor
531 2305 645 2329 nemo
689 2293 841 2328 extabit.
915 2290 1014 2327 Nam
1065 2304 1165 2328 nune
1213 2292 1380 2340 quidem,
1419 2304 1534 2330 nemo
