1721 2584
195 995 254 1033 580

273 181 293 210 2
302 180 322 209 2
636 175 726 206 THE
756 176 819 206 MA
830 174 1029 206 CEDONJA
1038 174 1074 202 N
1108 173 1171 202 WA
1180 173 1222 203 R.

271 276 420 312 bantur.
466 274 583 312 'Sicut
613 281 692 312 tum
724 275 904 312 adversus
934 274 1149 312 catervatim
1181 273 1415 310 incurrentes
1442 270 1588 308 Roma-

274 352 346 377 nos
381 347 417 377 et
447 340 655 389 interrupta
688 341 928 376 multifariam
961 340 1040 376 acie
1072 338 1223 375 obviam
1254 337 1307 374 ire
1340 337 1586 385 cogebantur,

275 414 311 442 et
345 404 523 450 Romani,
556 417 798 453 quacumque
833 405 919 441 data
950 403 1143 440 intervalla
1177 408 1315 445 essent,
1347 401 1588 438 insinuabant

276 470 430 507 ordines
469 482 570 507 suos.
629 468 706 514 Qui
746 470 775 505 si
807 469 980 505 universa
1015 469 1094 504 acie
1133 467 1171 504 in
1211 466 1375 503 frontem
1409 465 1588 502 adversus

245 546 256 555 ·
279 534 500 571 instructam
539 534 770 582 phalangem
809 532 1100 577 concurrissent,
1140 531 1244 581 quod
1276 531 1453 579 Pelignis,
1488 531 1589 578 prin-

279 600 380 648 cipio
414 611 564 648 pugnae
603 600 754 636 incaute
792 598 1009 646 congressis
1044 597 1223 634 adversus
1257 602 1421 633 cetratos
1455 595 1589 640 evenit,

277 665 489 702 induissent
518 676 557 701 se
588 663 704 700 hastis
734 676 804 700 nec
834 663 1044 700 confertam
1075 663 1195 699 aciem
1225 661 1504 699 sustinuissent.

602 789 633 821 3.
682 778 745 811 ‘The
769 777 849 822 king
873 777 943 810 and
965 778 1015 810 his
1041 777 1183 820 cavalry
1194 778 1265 817 flee.

330 859 506 897 Ceterum
542 859 637 896 sicut
672 859 843 908 peditum
879 859 1020 906 passim
1057 857 1193 893 caedes
1233 856 1383 899 fiebant,
1416 854 1487 892 nisi
1525 855 1589 903 qui

274 925 429 962 abiectis
464 925 580 961 armis
615 923 804 972 fugerunt,
833 924 886 960 sic
917 923 1106 971 equitatus=
1141 934 1261 970 prope
1288 922 1433 968 integer
1458 932 1589 969 pugna

275 990 447 1026 excessit.
505 988 686 1037 Princeps
707 988 820 1036 fugae
845 1000 909 1024 rex
937 988 1017 1036 ipse
1045 994 1134 1023 erat.
1192 987 1275 1022 Iam
1299 999 1320 1022 a
1342 985 1475 1034 Pydna
1501 997 1588 1021 cum

275 1056 389 1092 sacris
428 1055 495 1092 alis
533 1056 704 1103 equitum
739 1054 882 1090 Pellam
916 1055 1088 1102 petebat:
1135 1052 1336 1089 confestim
1371 1063 1437 1088 eos
1471 1050 1589 1099 Cotys

274 1121 502 1168 sequebatur
532 1119 844 1168 Odrysarumque
875 1119 1074 1166 equitatus.
1132 1117 1289 1153 Ceterae
1321 1128 1475 1165 quoque
1505 1114 1588 1151 Ma-

275 1185 466 1222 cedonum
506 1185 587 1221 alae
627 1184 781 1232 integris
820 1184 976 1219 abibant
1014 1182 1222 1221 ordinibus,
1263 1182 1352 1229 quia
1395 1180 1589 1216 interiecta

276 1249 446 1298 peditum
487 1251 597 1293 acies,
633 1250 739 1286 cuius
779 1248 916 1285 caedes
955 1249 1115 1284 victores
1155 1248 1317 1290 tenebat,
1358 1247 1589 1282 inmemores

195 1348 200 1356 .
239 1327 252 1357 ,·
276 1315 414 1352 fecerat
435 1314 619 1363 sequendi
647 1314 804 1362 equites,
862 1313 938 1349 Diu
967 1313 1132 1361 phalanx
1158 1325 1179 1348 a
1204 1311 1339 1351 fronte,
1360 1323 1381 1347 a
1402 1311 1587 1353 lateribus,

194 1978 253 2010 595

194 2298 255 2328 600

276 1381 324 1416 ab
357 1387 465 1428 tergo
505 1391 616 1416 caesa
655 1387 735 1424 est3
781 1385 990 1426 postremo,
1024 1379 1086 1425 qui
1123 1389 1169 1413 ex
1209 1376 1374 1413 hostium
1413 1375 1589 1412 manibus

274 1446 391 1494 elapsi
431 1452 545 1488 erant,
586 1445 750 1481 inermes
790 1444 837 1480 ad
877 1455 980 1478 mare
1019 1442 1219 1491 fugientes,
1255 1441 1409 1490 quidam
1449 1453 1587 1488 aquarn

275 1511 387 1547 etiam
416 1509 585 1557 ingressi,
608 1520 745 1544 manus
774 1507 821 1543 ad
849 1518 926 1545 eos,
949 1507 1011 1554 qui
1040 1507 1076 1542 in
1105 1506 1223 1542 classe
1251 1512 1367 1548 erant,
1389 1505 1588 1542 tendentes

275 1575 493 1624 suppliciter
511 1574 625 1610 vitam
653 1573 836 1616 orabant3
867 1579 902 1608 et
930 1583 1015 1607 cum
1042 1571 1203 1618 scaphas
1229 1582 1454 1607 concurrere
1481 1570 1588 1606 undi-

275 1652 348 1689 que
378 1640 426 1676 ab
455 1638 614 1674 navibus
644 1644 853 1680 cernerent,
882 1636 929 1672 ad
959 1636 1207 1685 excipiendos
1237 1647 1319 1672 sese
1349 1636 1476 1671 venire
1507 1636 1587 1680 rati,

274 1713 314 1742 ut
352 1712 531 1753 caperent
570 1703 697 1752 potius
737 1714 852 1749 quam
891 1701 1121 1739 occiderent,
1161 1700 1311 1747 longius
1353 1698 1391 1736 in
1436 1711 1587 1748 aquam,

275 1770 430 1819 quidam
459 1769 573 1805 etiam
604 1766 1004 1814 natantcs‚p1·og1·essi
1032 1774 1129 1800 >unt
1190 1764 1264 1800 Sed
1293 1777 1378 1801 cum
1406 1765 1590 1801 hostiliter

275 1848 294 1871 e
325 1834 476 1882 scaphis
507 1833 764 1873 caederentur,
787 1839 897 1875 retro,
919 1831 981 1879 qui
1010 1838 1196 1878 poterant,
1219 1829 1348 1865 nando
1376 1837 1588 1878 repetentes

274 1907 422 1940 terram,
455 1899 493 1935 in
527 1898 637 1934 aliam
673 1897 881 1933 foediorem
914 1903 1060 1944 pestem
1101 1895 1328 1931 incidebant.
1385 1893 1587 1943 Elephanti

275 1965 388 2008 enim,
411 1965 458 2000 ab
484 1963 692 2000 rectoribus
720 1962 766 1998 ad
796 1962 879 1997 litus
907 1961 989 2001 acti,
1012 1966 1195 1995 excuntes
1223 1960 1447 1996 obterebant
1473 1960 1588 1997 elide-

274 2030 453 2077 bamque.
511 2028 636 2064 Facile
664 2027 852 2070 convenit,
879 2025 928 2061 ab
956 2025 1142 2060 Romanis
1167 2037 1377 2072 numquam
1405 2037 1482 2062 una
1508 2026 1588 2062 acie

275 2102 420 2130 tainum
461 2093 723 2130 Macedonum
763 2090 1012 2127 ii'itcrsectum.
1085 2090 1208 2126 Caesa
1241 2090 1343 2125 enirn
1378 2090 1426 2126 ad
1457 2090 1587 2138 viginti

274 2161 377 2196 milia
416 2160 616 2196 hominum
655 2163 766 2202 sunt;
811 2157 857 2192 ad
893 2169 929 2192 vl
964 2156 1075 2199 milia,
1111 2156 1174 2204 qui
1210 2155 1381 2203 Pydnam
1422 2169 1467 2192 cx
1507 2158 1586 2194 acie

276 2225 528 2273 perfugerant,
551 2224 621 2259 vivi
649 2224 686 2260 in
714 2228 940 2271 potestatem
969 2229 1232 2269 pervenerunt,
1257 2227 1293 2257 et
1314 2221 1398 2269 vagi
1426 2233 1471 2258 ex
1499 2220 1587 2269 fuga

276 2303 298 2325 v
320 2290 419 2325 milia
440 2289 639 2325 hominum
668 2295 789 2336 capta.
848 2286 905 2322 le
928 2287 1130 2322 victoribus
1157 2286 1371 2322 ceciderunt
1398 2298 1477 2322 non
1504 2286 1587 2334 plus

274 2363 426 2392 centum
458 2360 494 2390 et
524 2365 657 2391 eorum
688 2352 806 2389 multo
836 2351 956 2388 maior
990 2363 1076 2399 pars
1112 2350 1281 2399 Peligni;
1315 2350 1495 2387 volnerati
1523 2351 1587 2387 ali-
