1721 2584
233 129 258 167 6
599 137 688 167 THE
717 137 1029 169 MACEDONIAN
1064 140 1183 173 WAR.

157 252 215 282 ¹40
234 238 430 285 signorum
459 236 593 274 milites
623 237 948 276 transcenderunt.
1005 240 1049 277 Id
1078 247 1224 278 tantum
1255 240 1435 278 dissimile
1465 241 1543 283 fuit,

231 303 336 351 quod
363 311 398 339 ct
427 303 462 338 in
492 302 613 338 fronte
641 303 799 339 extremi
826 310 863 339 et
883 316 929 340 ex
957 305 1134 342 lateribus
1160 305 1229 342 soli
1256 318 1335 342 non
1355 306 1546 343 habebant

231 380 344 415 super
365 368 488 415 capita
516 367 612 403 elata
639 378 755 412 scuta,
777 380 824 404 ne
854 369 1042 406 nudarent
1063 381 1235 418 corpora,
1257 369 1325 407 sed
1351 378 1547 419 praetenta

233 433 485 481 pugnantium
514 444 631 468 more.
688 432 746 469 Ita
772 445 844 470 nec
872 434 976 481 ipsos
1005 434 1077 470 tela
1105 446 1150 470 ex
1175 446 1284 471 muro
1313 435 1430 471 missa
1459 436 1546 471 sub-

235 505 367 533 euntes
388 497 587 541 laeserunt,
605 504 641 533 et
661 498 838 534 testudini
859 499 994 535 iniecta
1014 499 1144 535 imbris
1164 499 1202 535 in
1224 499 1383 536 modum
1404 500 1546 536 lubrico

157 570 214 600 145
237 561 387 609 fastigio
427 563 584 598 innoxia
622 562 669 598 ad
709 562 827 599 imum
867 564 1100 600 labebantur.
1171 563 1221 601 Et
1254 565 1399 609 consul,
1434 577 1546 613 capto

234 628 309 663 iam
347 627 546 671 Heracleo,
583 635 703 663 castra
739 639 785 664 eo
820 629 1022 676 promovit,
1057 636 1251 678 tamquam
1286 628 1404 666 Dium
1435 636 1547 679 atque

233 691 332 737 inde,
355 700 548 728 summoto
570 703 670 740 rege,
692 692 730 728 in
753 692 910 729 Pieriam
933 693 1045 729 etiam
1067 705 1347 742 progressurus.

457 825 488 856 8.
538 822 600 856 ‘The
625 823 745 856 results
771 825 812 865 of
829 823 883 856 the
906 825 1084 869 campaign
1108 825 1151 867 qs
1171 827 1233 867 169
1254 832 1322 859 B.C.

288 913 452 951 Litterae
474 914 612 951 deinde
633 915 808 952 recitatae
830 914 878 961 Q.
902 915 1024 954 Marci
1051 917 1216 954 consulis
1243 924 1343 961 sunt,
1364 915 1546 965 quemad-

234 980 404 1021 modum,
427 979 522 1016 saltu
543 987 731 1028 superato,
754 981 791 1016 in
813 979 1085 1018 Macedoniam
1110 983 1330 1028 transisset3
1361 983 1410 1018 ibi
1438 989 1475 1019 et
1501 993 1548 1017 ex

157 1063 216 1093 ¹50
234 1045 314 1081 aliis
343 1045 436 1081 locis
467 1052 704 1081 commeatus
735 1053 961 1094 prospectos
991 1046 1027 1081 in
1058 1046 1224 1082 hiemem
1254 1046 1405 1091 habere,
1435 1054 1472 1083 et
1501 1047 1549 1082 ab

234 1109 400 1158 Epirotis
440 1122 487 1146 xx
527 1110 628 1146 milia
667 1111 840 1146 modium
873 1111 993 1153 tritici,
1027 1121 1052 1146 x
1084 1111 1216 1148 hordei
1256 1112 1475 1160 sumpsisse,
1509 1120 1548 1148 ut

233 1187 303 1223 pro
333 1186 379 1211 eo
409 1174 599 1210 frumento
634 1175 798 1222 pecunia
831 1174 979 1212 Romae
1014 1176 1147 1223 legatis
1182 1188 1316 1213 eorum
1347 1184 1547 1212 curaretur.

233 1239 471 1276 Vestimenta
487 1239 667 1275 militibus
688 1240 736 1275 ab
758 1238 885 1275 Roma
906 1240 1089 1276 mittenda
1109 1253 1213 1285 esse;
1241 1242 1347 1290 equis
1367 1252 1410 1278 cc
1430 1240 1547 1277 ferme

233 1317 331 1354 opus
363 1317 457 1348 esse,
489 1305 657 1341 maxime
697 1303 886 1349 Numidis,
918 1317 989 1342 nec
1027 1306 1096 1342 sibi
1134 1306 1173 1342 in
1211 1306 1269 1343 his
1305 1306 1398 1343 locis
1431 1306 1546 1343 ullam

155 1387 213 1418 155
233 1371 383 1419 copiam
417 1382 513 1406 esse.
572 1368 736 1406 Senatus
765 1370 993 1413 consultum,
1025 1378 1066 1407 ut
1097 1383 1142 1408 ea
1175 1372 1306 1408 omnia
1337 1383 1383 1408 ex
1419 1371 1545 1408 litteris

232 1435 399 1472 consulis
429 1435 572 1479 fierent,
594 1434 733 1471 sactum
761 1442 828 1471 est.
886 1434 928 1472 C.
953 1435 1138 1483 Sulpicius
1167 1444 1319 1485 praetor
1347 1448 1413 1473 sex
1444 1436 1546 1472 milia

232 1510 420 1549 togarum,
443 1512 516 1536 xxx
541 1499 766 1543 tunicarum,
788 1511 908 1547 equos
932 1512 975 1538 cc
1002 1501 1189 1549 portanda
1210 1501 1247 1537 in
1275 1501 1545 1537 Macedoniam

231 1565 525 1616 praebendaque
559 1565 738 1600 arbitratu
774 1565 942 1601 consulis
982 1565 1130 1611 locavit,
1165 1573 1202 1603 et
1238 1565 1373 1614 legatis
1411 1565 1547 1615 Epiro-

230 1640 353 1668 tarum
383 1630 585 1679 pecuniam
616 1642 685 1678 pro
717 1629 904 1667 frumento
935 1631 1053 1669 solvit.

276 1801 334 1842 ΙΙ.
393 1800 437 1840 Α
469 1800 606 1840 FEW
639 1800 871 1841 TRAITS
905 1800 985 1842 OF
1017 1800 1177 1842 KING
1209 1800 1509 1844 PERSEUS.

782 1912 864 1949 nc:
903 1910 992 1961 169.

325 2044 353 2066 1.
402 2033 491 2066 How
517 2033 556 2066 he
580 2033 732 2066 received
754 2033 808 2066 the
832 2044 925 2065 news
951 2034 994 2074 eff
1010 2032 1174 2066 Marcius'
1189 2033 1313 2076 forced
1335 2034 1464 2068 march.

149 2130 208 2162 160
283 2123 454 2169 Perseus,
485 2124 640 2162 tandem
676 2137 696 2162 e
731 2137 873 2174 pavore
907 2136 966 2169 eo,
997 2136 1074 2172 quo
1108 2125 1291 2162 attonitus
1324 2125 1454 2169 suerat,
1486 2138 1543 2163 re-

227 2198 339 2238 cepto
368 2191 508 2234 animo,
540 2190 667 2226 mallet
697 2190 865 2238 imperiis
895 2190 971 2226 suis
1001 2201 1079 2226 non
1109 2189 1415 2238 obtemperatum
1448 2202 1542 2233 esse,

226 2267 312 2291 cum
344 2255 535 2302 trepidans
565 2268 698 2301 gazam
736 2255 772 2290 in
807 2267 911 2291 mare
947 2254 1041 2290 deici
1077 2254 1211 2299 Pellae,
1243 2254 1540 2291 Thessalonicae

224 2320 369 2357 navalia
390 2320 546 2355 iusserat
568 2320 730 2356 incendi.
782 2319 1039 2364 Andronicus,
1053 2318 1370 2356 Thessalonicam
1391 2320 1540 2364 missus,
