1721 2584
420 158 477 188 VI.
542 157 632 187 THE
662 158 718 187 BA
731 158 846 188 TTLE
877 159 935 189 OF
964 160 1136 190 PVDNA.
1380 164 1430 194 21

309 398 387 440 VI.
447 398 579 439 THE
613 399 864 440 BATTLE
899 400 978 441 OF
1010 398 1241 440 PYDNA.

670 515 752 548 B.C.
790 508 879 549 168.

515 642 544 665 1.
592 631 814 675 Prelt'minary
838 632 1041 666 skirmishes.

169 709 355 749 Movebat
385 711 531 760 imperii
562 713 753 758 maiestas,
782 713 903 761 gloria
932 714 1009 757 viri,
1040 719 1126 751 ante
1157 712 1289 751 omnia
1319 719 1433 753 aetas,

117 776 222 826 quod
251 777 373 813 maior
402 778 602 826 sexaginta
628 779 739 814 annis
766 779 945 814 iuvenum
974 778 1105 815 munia
1132 778 1171 814 in
1195 784 1300 826 parte
1324 789 1433 826 prae-

116 841 228 890 cipua
264 841 406 878 laboris
444 842 677 890 periculique
723 843 959 890 capessebat.
1031 842 1286 888 Intervallum,
1327 841 1432 891 quod

115 906 213 943 inter
238 913 400 943 cetratos
429 913 466 943 et
494 906 706 955 phalanges
732 915 823 952 erat,
852 908 1008 956 inplevit
1037 907 1138 956 legio
1167 914 1280 957 atque
1310 907 1431 944 aciem
1451 927 1513 957 550

116 970 283 1008 hostium
303 971 511 1019 interrupit.
569 971 605 1008 A
628 979 737 1020 tergo
765 972 893 1009 cetrati
921 978 1037 1016 erant,
1060 972 1223 1009 frontem
1251 972 1432 1009 adversus

115 1035 299 1085 clipeatos
331 1036 517 1080 habebat;
561 1036 824 1085 chalcaspides
855 1037 1156 1086 appellabantur.
1215 1037 1432 1075 Secundam

113 1101 309 1149 legionem
345 1100 388 1138 L.
420 1101 583 1138 Albinus
617 1102 830 1139 consularis
862 1102 1002 1139 ducere
1033 1103 1212 1139 adversus
1246 1102 1433 1150 leucaspi-

115 1166 205 1203 dem
239 1165 468 1214 phalangem
501 1166 647 1212 iussus;
683 1179 728 1202 ea
761 1166 887 1203 media
917 1167 1018 1203 acies
1051 1167 1219 1204 hostium
1248 1167 1328 1204 fuit.
1386 1166 1433 1203 In

115 1231 289 1268 dextrum
323 1243 456 1275 cornu,
490 1231 593 1268 unde
628 1232 727 1268 circa
760 1231 918 1268 fluvium
956 1233 1207 1269 commissum
1245 1232 1432 1281 proelium
1453 1254 1512 1284 555

115 1303 206 1340 erat,
231 1296 456 1344 elephantos
487 1297 632 1332 inducit
661 1304 696 1332 et
726 1296 804 1332 alas
834 1297 1055 1343 sociorum3
1084 1304 1122 1334 et
1150 1296 1240 1335 hinc
1268 1298 1433 1346 primum

115 1361 206 1409 fuga
227 1360 489 1398 Macedonum
518 1369 574 1397 est
594 1368 688 1398 orta.
745 1361 848 1397 Nam
876 1362 972 1398 sicut
995 1362 1176 1411 pleraque
1204 1374 1304 1399 nova
1329 1374 1434 1400 com—

115 1433 244 1463 menta
281 1426 499 1462 mortalium
539 1426 577 1461 in
610 1426 734 1462 verbis
766 1426 840 1462 vim
880 1426 1033 1472 habent,
1065 1428 1310 1476 experiendo,
1345 1439 1433 1465 cum

115 1491 188 1540 agi,
216 1501 308 1535 non,
336 1490 667 1538 quemadmodum
698 1498 844 1539 agatur,
871 1491 1027 1528 edisseri
1057 1499 1220 1540 oportet,
1248 1493 1329 1529 sine
1357 1492 1434 1529 ullo

115 1556 253 1593 effectu
273 1562 516 1597 evanescunt,
538 1555 589 1591 ita
612 1562 693 1591 tum
720 1555 911 1604 elephanti
938 1556 977 1592 in
1004 1557 1084 1593 acie
1114 1569 1259 1594 nomen
1285 1563 1432 1594 tantum
1455 1570 1520 1609 560

115 1622 196 1659 sine
229 1632 303 1657 usu
333 1619 494 1656 fuerunt.
552 1619 855 1668 Elephantorum
891 1621 1076 1669 impetum
1115 1621 1308 1659 subsecuti
1345 1630 1434 1659 sunt

117 1685 209 1723 socii
237 1686 406 1722 nominis
435 1684 562 1722 Latini
592 1685 896 1733 pepuleruntque
925 1685 1075 1723 laevom
1105 1698 1237 1724 cornu.

483 1812 514 1835 2.
564 1801 626 1834 ‘The
644 1800 802 1845 phalanx
827 1801 893 1833 dies
905 1801 1069 1845 fighting.

171 1880 216 1918 In
255 1881 384 1918 medio
424 1881 592 1918 secunda
624 1881 726 1929 legio
760 1882 917 1918 inmissa
949 1881 1146 1930 dissipavit
1178 1881 1434 1932 phalangem;

116 1958 242 1995 neque
268 1946 345 1983 ulla
368 1946 577 1983 evidentior
597 1958 713 1983 causa
737 1946 915 1983 victoriae
942 1946 1022 1991 fuit,
1046 1958 1162 1995 quarn
1187 1948 1292 1996 quod
1316 1948 1435 1985 multa

116 2011 260 2059 passim
298 2011 440 2059 proelia
479 2018 597 2054 erant,
633 2024 730 2060 quae
771 2011 1019 2048 fluctuantem
1057 2013 1257 2049 turbarunt
1297 2013 1433 2062 primo,
1453 2024 1514 2065 565

116 2076 256 2113 deinde
295 2076 524 2113 disiecerunt
561 2076 803 2126 phalangem,
837 2078 943 2114 cuius
982 2077 1177 2115 confertae
1210 2085 1248 2115 et
1281 2078 1434 2116 intentis

114 2142 313 2179 horrentes
343 2141 460 2179 hastis
491 2142 748 2179 intolerabiles
775 2142 872 2179 vires
905 2149 1014 2187 sunt;
1050 2143 1080 2179 si
1111 2143 1272 2192 carptim
1302 2143 1436 2193 adgre-

116 2208 258 2244 diendo
279 2207 538 2255 circumagere
562 2208 785 2244 inmobilem
813 2207 1050 2256 longitudine
1077 2215 1114 2245 et
1140 2209 1322 2257 gravitate
1348 2209 1435 2247 has-

114 2278 192 2308 tam
223 2283 351 2320 cogas,
374 2271 536 2309 confusa
563 2279 664 2309 strue
693 2272 950 2321 inplicantur:
981 2273 1011 2309 si
1038 2285 1128 2310 vero
1155 2280 1220 2310 aut
1246 2275 1294 2311 ab
1320 2274 1435 2312 latere

115 2343 180 2374 aut
209 2337 257 2373 ab
287 2344 396 2386 tergo
431 2337 571 2386 aliquid
603 2337 784 2373 tumultus
816 2338 1015 2387 increpuit,
1043 2338 1176 2375 ruinae
1208 2339 1327 2376 modo
1359 2346 1434 2376 tur-
1455 2357 1518 2387 510
