1721 2584
475 79 546 111 III.
606 81 644 111 L.
673 80 902 111 AEMILIUS
932 79 989 110 ΡΑ
1003 80 1125 110 ULUS.
1409 82 1454 111 11

142 186 218 216 tam
259 178 384 217 famae
428 186 670 229 contemptor
709 186 777 226 est,
812 179 918 217 cuius
963 191 1042 216 non
1086 178 1269 216 debilitari
1309 178 1458 216 animus

140 244 271 292 possit.
342 244 390 281 In
428 245 607 282 omnibus
644 246 792 283 circulis
830 252 942 294 atque
984 246 1109 287 etiam,
1150 245 1180 282 si
1219 244 1277 282 dis
1320 244 1455 293 placet,

74 348 85 359 ⁴
139 312 178 347 in
218 311 399 348 conviviis
438 318 536 356 sunt,
575 311 640 360 qui
677 312 862 348 exercitus
900 313 938 347 in
978 310 1250 348 Macedoniam
1289 310 1455 356 ducant3

139 376 203 412 ubi
243 385 365 413 castra
402 375 564 413 locanda
602 377 686 419 sint,
726 376 857 421 sciant,
897 388 995 425 quae
1034 376 1119 412 loca
1155 375 1352 424 praesidiis
1389 387 1455 413 oc-

139 441 324 489 cupanda,
357 441 512 490 quando
542 449 606 478 aut
644 453 722 490 quo
762 441 858 478 saltu
895 441 1072 478 intranda
1109 440 1352 482 Macedonia,
1390 441 1455 477 ubi

138 506 273 542 horrea
308 506 502 555 ponenda,
531 518 607 555 qua
636 513 742 550 terra,
777 505 872 542 mari
908 506 1175 550 subvehantur,
1205 511 1454 550 commeatus,

138 571 294 620 quando
322 583 410 608 cum
438 570 548 608 hoste
577 583 713 608 manus
746 571 1014 616 conserendae,
1046 571 1202 620 quando
1231 571 1380 620 quiesse
1409 571 1455 608 sit

137 636 280 673 melius.
341 635 434 680 Nec,
457 636 549 684 quid
575 635 793 673 faciendum
819 637 876 680 sit,
897 637 1017 673 modo
1044 643 1223 681 statuunt,
1242 636 1325 681 sed,
1346 636 1452 684 quid-

136 701 227 750 quid
255 700 368 744 aliter‚
393 712 508 749 quam
534 700 608 749 ipsi
636 713 828 747 censuere,
855 702 996 738 factum
1023 709 1092 746 est,
1116 700 1314 738 consulem
1340 701 1454 738 veluti

137 767 237 803 dicta
256 765 315 802 die
336 772 529 803 accusant.

133 870 159 889 c.
206 863 213 874 ‘
224 858 241 889 Ι
258 858 302 889 (10
318 863 375 889 not
396 857 566 898 deprecate
582 857 734 889 criticism
757 869 817 889 nor
833 857 945 889 shrink
962 858 1045 889 from
1062 858 1323 899 responsibifity:
1345 857 1374 890 if
1389 869 1453 900 any

225 901 307 932 wish
329 907 363 932 to
383 902 531 937 criticise,
551 902 567 932 Ι
590 902 670 934 have
691 912 710 932 a
732 902 822 942 place
840 902 889 932 sor
910 902 998 933 them
1015 913 1057 933 on
1080 913 1134 943 my
1149 902 1232 934 staff.
1278 902 1340 934 Let
1360 902 1451 934 them

223 955 315 976 come
331 945 437 976 where
455 946 529 986 they
547 956 606 976 can
623 945 760 976 criticise
776 945 888 986 fairly.’

185 1023 320 1061 ‘Haec
346 1035 487 1071 magna
516 1024 792 1072 impedimenta
818 1036 878 1061 res
906 1025 1125 1072 gerentibus
1154 1031 1253 1062 sunt.
1310 1024 1448 1074 Neque

130 1089 232 1126 enim
253 1100 389 1125 omncs
411 1097 487 1125 tam
518 1088 616 1125 firmi
645 1095 682 1126 et
712 1090 922 1126 constantis
951 1089 1066 1126 animi
1097 1098 1229 1127 contra
1249 1089 1447 1127 adversum

127 1166 317 1190 rumorem
349 1165 433 1191 esse
463 1161 636 1203 possunt,
658 1166 773 1203 quam
804 1154 852 1199 Q.
874 1154 1013 1192 Fabius
1044 1155 1122 1200 fuit,
1144 1155 1208 1205 qui
1237 1167 1349 1192 suum
1379 1155 1448 1191 im-

130 1219 276 1268 perium
308 1219 427 1255 minui
465 1231 532 1269 per
560 1219 763 1256 vanitatem
793 1220 924 1267 populi
954 1220 1094 1264 maluit,
1125 1232 1241 1269 quam
1279 1219 1448 1257 secunda

128 1283 230 1321 fama
249 1285 347 1321 male
368 1296 448 1321 rem
474 1284 665 1333 publicam
692 1296 832 1332 gerere.
892 1284 982 1322 Non
1009 1298 1093 1322 sum
1120 1286 1163 1331 is,
1185 1285 1248 1334 qui
1268 1297 1347 1322 non
1367 1285 1447 1323 exi-

128 1357 292 1386 stumem
323 1349 590 1386 admonendos
629 1349 745 1387 duces
780 1362 887 1395 esse;
926 1351 1044 1387 immo
1075 1363 1175 1395 eum,
1207 1350 1271 1399 qui
1300 1350 1348 1387 de
1378 1363 1446 1389 sua

126 1416 236 1452 unius
266 1414 453 1452 sententia
482 1416 613 1451 omnia
641 1424 757 1464 gerat,
780 1417 987 1464 superbum
1017 1416 1146 1453 iudico
1177 1417 1299 1465 magis
1329 1429 1444 1465 quam

125 1481 349 1529 sapientem.
406 1479 510 1527 Quid
538 1492 629 1528 ergo
657 1482 738 1518 est?
782 1481 952 1518 Primum
977 1493 1000 1517 a
1026 1480 1274 1530 prudentibus
1301 1488 1338 1518 et
1357 1493 1444 1530 pro-

125 1546 203 1595 prie
232 1545 285 1582 rei
314 1544 482 1581 militaris
511 1545 640 1593 peritis
670 1553 707 1582 et
735 1558 806 1583 usu
834 1545 957 1583 doctis
984 1546 1170 1583 monendi
1198 1546 1444 1595 imperatores

125 1617 236 1656 sunt3
272 1609 411 1647 deinde
441 1610 490 1646 ab
518 1610 574 1654 iis,
596 1611 660 1658 qui
689 1611 872 1648 intersunt
902 1611 1081 1659 gerendis
1109 1611 1232 1657 rebus,
1253 1612 1318 1660 qui
1347 1612 1443 1657 loca,

123 1675 188 1724 qui
226 1674 387 1720 hostem,
422 1676 487 1723 qui
520 1681 737 1724 temporum
771 1677 1097 1724 opportunitatem
1129 1677 1271 1722 vident,
1305 1677 1370 1725 qui
1403 1677 1442 1715 in

122 1740 261 1778 eodem
299 1740 399 1777 velut
436 1739 587 1789 navigio
627 1741 828 1789 participes
866 1748 954 1778 sunt
996 1741 1161 1790 periculi.
1237 1741 1372 1791 Itaque
1411 1744 1441 1780 si

122 1807 207 1856 quis
235 1812 303 1851 est,
324 1805 400 1853 qui,
424 1804 531 1854 quod
559 1818 581 1843 e
609 1818 648 1842 re
679 1806 830 1854 publica
858 1808 914 1851 sit,
945 1806 1103 1845 suadere
1132 1818 1173 1845 se
1202 1807 1295 1844 mihi
1326 1808 1364 1844 in
1394 1820 1441 1846 eo

121 1870 233 1912 bello,
274 1870 379 1919 quod
417 1877 591 1919 gesturus
624 1883 719 1915 sum,
755 1883 870 1920 posse
904 1872 1083 1918 confidat,
1121 1873 1152 1910 is
1190 1884 1239 1910 ne
1277 1872 1442 1922 deneget

120 1946 279 1984 operam
325 1935 378 1972 rei
420 1935 607 1984 publicae,
645 1944 682 1974 et
718 1936 757 1973 in
801 1935 1074 1974 Macedoniam
1112 1949 1265 1975 mecum
1303 1939 1439 1976 veniat.

119 2000 240 2045 Nave,
269 2011 382 2049 equo,
411 2000 667 2046 tabernaculo,
697 2001 833 2038 viatico
862 2002 975 2038 etiam
1004 2014 1027 2039 a
1055 2014 1117 2039 me
1146 2002 1342 2041 iuvabitur.
1401 2002 1439 2040 Si

119 2077 236 2115 quem
264 2065 302 2102 id
332 2064 455 2102 facere
484 2066 589 2114 piget
617 2075 653 2102 et
682 2067 802 2103 otium
832 2067 1021 2103 urbanum
1052 2067 1205 2104 militiae
1243 2067 1438 2106 laboribus

116 2138 327 2180 praeoptat,
357 2143 377 2168 e
407 2137 504 2168 terra
541 2143 590 2168 ne
627 2133 901 2180 gubernaverit.
960 2131 1190 2169 Sermonum
1228 2134 1316 2170 satis
1354 2135 1437 2182 ipsa

115 2197 274 2246 praebet
299 2197 413 2241 urbs;
458 2196 502 2233 iis
536 2196 805 2245 loquacitatem
841 2209 951 2234 suam
985 2198 1180 2235 contineat
1191 2210 1202 2244 3
1245 2210 1318 2236 nos
1352 2210 1434 2237 cas-

114 2262 301 2300 trensibus
331 2261 498 2299 consiliis
528 2269 729 2299 contentos
759 2262 904 2299 futuros
934 2275 1017 2301 esse
1048 2263 1166 2301 sciat!

1475 640 1535 671 280

1467 1158 1526 1198 285

1465 1492 1526 1524 290

1462 1822 1520 1854 ²95

1456 2150 1519 2180 300
