1721 2584
317 128 369 158 II.
431 125 459 157 A
494 126 603 156 FEW
634 126 805 156 TRAITS
836 127 894 157 OF
922 127 1045 157 KING
1076 127 1294 158 PERSEUS.
1438 127 1460 172 7

144 233 305 263 traxerat
334 233 498 276 tempus,
524 226 562 263 id
590 226 728 275 ipsum,
750 225 855 275 quod
885 226 1031 272 accidit,
1060 227 1316 276 paenitentiae
1351 226 1460 264 relin-

143 304 265 341 quens
294 292 434 329 locum.
492 291 684 329 Incautior
713 291 844 328 Nicias
873 292 996 329 Pellae
1026 292 1252 341 proiciendo
1275 293 1461 342 pecuniae

143 365 300 406 partem,
331 370 430 407 quae
469 358 591 395 fuerat
633 357 682 394 ad
723 357 915 403 Phacum
956 357 1023 395 sed
1065 357 1104 394 in
1147 370 1187 395 re
1231 357 1462 395 emendabili

142 422 243 460 visus
281 430 338 460 est
376 422 504 472 lapsus
543 434 639 468 esse,
673 423 780 470 quod
823 434 890 471 per
929 423 1140 460 urinatores
1183 434 1300 460 omne
1344 422 1463 460 ferme

143 494 351 525 extractum
383 495 450 524 est.
507 486 734 535 Tantusque
763 487 887 535 pudor
913 487 993 536 regi
1024 488 1176 536 pavoris
1205 489 1286 525 eius
1315 487 1395 533 fuit,
1422 495 1464 524 ut

144 552 355 589 urinatores
388 552 486 589 clam
521 551 681 589 interfici
713 552 870 596 iusserit,
902 552 1041 588 deinde
1071 552 1337 590 Andronicum
1369 564 1463 602 quo-

144 629 218 666 que
264 626 301 654 et
340 616 491 663 Nician,
530 628 579 654 ne
617 617 701 666 quis
739 625 817 654 tam
860 616 1050 654 dementis
1093 617 1243 666 imperii
1285 618 1463 655 conscius

145 690 331 720 existeret.

394 804 428 828 2.
474 792 566 826 How
590 794 630 826 he
653 793 862 837 approached
884 793 937 826 the
962 792 1101 836 Illyrian
1124 793 1215 839 king.

200 873 303 911 Dum
333 873 428 911 haec
462 874 500 910 in
531 873 639 910 Italia
667 882 861 922 geruntur,
893 873 1054 911 Perseus
1083 873 1174 912 illud
1203 875 1280 911 iam
1309 874 1466 912 inchoa-

146 946 226 976 tum
263 939 457 988 perficere,
492 940 582 988 quia
620 939 780 987 inpensa
819 939 1006 987 pecuniae
1046 938 1221 977 facienda
1259 947 1351 986 erat,
1385 952 1466 977 non

146 1004 349 1042 inducebat
386 1005 424 1041 in
459 1006 643 1049 animum,
673 1012 714 1040 ut
753 1002 937 1041 Gentium
977 1004 1189 1053 Illyriorum
1227 1017 1358 1054 regem
1397 1005 1467 1042 sibi

146 1069 366 1119 adiungeret
378 1082 387 1115 ;
438 1069 506 1106 sed
546 1076 755 1118 postquam
803 1069 962 1106 intrasse
1007 1069 1145 1106 saltum
1188 1069 1390 1107 Romanos
1431 1078 1468 1108 et

146 1135 278 1172 adesse
308 1135 514 1173 discrimen
543 1135 719 1172 ultimum
748 1135 835 1172 belli
865 1135 1140 1179 animadvertit,
1162 1147 1244 1173 non
1273 1137 1370 1173 ultra
1398 1136 1467 1174 dif-

144 1199 344 1237 ferendum
380 1209 494 1245 ratus,
534 1212 622 1237 cum
665 1212 732 1249 per
773 1199 960 1248 Hippiam
1004 1200 1171 1249 legatum
1214 1213 1280 1240 ccc
1321 1203 1468 1251 argenti

146 1266 287 1302 talenta
316 1274 450 1315 pactus
481 1273 593 1310 esset,
615 1266 666 1302 ita
695 1274 735 1302 ut
765 1265 919 1302 obsides
948 1265 1047 1303 ultro
1077 1266 1249 1315 citroque
1278 1267 1467 1314 darentur,

144 1331 292 1379 legatos
321 1331 487 1376 arcessit,
518 1330 566 1367 ad
595 1342 641 1367 ea
669 1330 912 1380 perficienda.

413 1455 446 1488 3.
494 1445 585 1478 How
609 1445 649 1478 hc
672 1445 802 1488 argued
825 1444 915 1478 with
938 1445 993 1478 the
1016 1444 1198 1480 Rhodiam.

200 1525 354 1573 Quibus
383 1526 434 1562 ita
462 1525 699 1571 mandatum,
730 1535 782 1570 ut,
812 1526 890 1562 iure
924 1526 1087 1564 iurando
1122 1527 1397 1578 obsidibusque
1431 1535 1468 1565 et

147 1593 312 1641 pecunia
359 1598 528 1640 accepta,
570 1600 651 1627 tum
698 1591 855 1628 demum
899 1591 1083 1628 Rhodum
1125 1593 1467 1641 proficiscerentur.

146 1656 320 1694 Duorum
352 1657 464 1694 simul
494 1669 628 1706 regum
663 1657 820 1693 nomine
854 1657 999 1694 incitari
1035 1657 1212 1695 Rhodios
1245 1658 1295 1695 ad
1326 1659 1469 1696 bellum

149 1723 372 1759 Romanum
393 1733 525 1771 posse.
581 1722 813 1759 Adiunctam
840 1723 1042 1767 civitatem,
1064 1735 1182 1772 penes
1208 1735 1325 1773 quam
1349 1736 1468 1761 unam

148 1796 229 1825 tum
258 1788 310 1824 rei
339 1787 482 1824 navalis
511 1787 634 1836 gloria
657 1795 767 1833 esset,
789 1800 861 1824 nec
887 1795 986 1824 terra
1009 1800 1079 1826 nec
1106 1790 1200 1826 mari
1227 1802 1337 1839 spem
1362 1790 1469 1828 relic-

149 1860 271 1890 turam
302 1851 501 1891 Romanis.

282 1981 315 2009 4.
362 1967 453 2001 How
478 1968 518 2001 he
541 1969 675 2002 courted
696 1968 917 2003 the'alliance
941 1971 984 2011 eff
999 1969 1050 2002 his
1075 1968 1210 2004 brother
1232 1971 1340 2015 kings.

205 2048 357 2086 Eodem
396 2057 571 2098 tempore
609 2049 658 2087 ad
695 2049 901 2087 Eumenen
938 2058 975 2088 et
1006 2051 1055 2088 ad
1087 2051 1324 2090 Antiochum
1363 2065 1469 2091 com-

150 2115 281 2152 munia
323 2114 515 2160 mandata,
556 2126 655 2163 quae
698 2116 869 2152 subicere
913 2102 1090 2153 condicio
1133 2130 1259 2155 rerum
1299 2125 1469 2167 poterat:

150 2180 298 2218 Natura
335 2180 487 2216 inimica
524 2180 620 2217 inter
658 2192 699 2217 se
731 2192 814 2218 esse
845 2181 1003 2218 liberam
1038 2183 1228 2220 civitatem
1261 2191 1297 2221 et
1327 2196 1470 2234 regem.

152 2245 332 2294 Singulos
370 2244 556 2293 populum
596 2245 819 2282 Romanum
857 2247 1015 2295 adgredi
1054 2256 1102 2293 et,
1134 2249 1239 2297 quod
1277 2249 1470 2298 indignius

150 2313 208 2357 sit,
240 2322 374 2359 regum
412 2310 553 2347 viribus
592 2323 702 2359 reges
741 2324 977 2360 oppugnare.
1034 2314 1162 2351 Attalo
1197 2314 1370 2352 adiutore
1404 2327 1468 2364 pa-

1484 301 1543 342 165

1527 637 1546 657 0

1507 637 1522 668 *Ι

1490 1091 1547 1122 175

1490 1534 1550 1564 180

1490 1860 1550 1899 185

1492 2329 1551 2362 190
