1721 2584
465 130 522 162 VJ.
587 129 677 161 THE
707 129 763 160 ΒΑ
776 128 890 160 TTLE
922 130 979 160 OF
1002 128 1172 160 PYDNA.
1421 131 1473 173 23

162 236 306 279 quanto
337 229 465 279 plures
503 236 603 268 sunt.
659 229 777 276 Quod
816 230 847 267 si
883 229 1064 267 maturius
1098 229 1259 278 pugnari
1294 234 1474 278 coeptum

160 300 271 339 esset,
299 301 340 331 ut
369 295 460 333 satis
491 295 566 333 diei
594 295 800 332 victoribus
830 295 879 332 ad
909 295 1216 344 persequendum
1246 300 1472 342 superesset,

161 357 306 396 deletae
336 371 472 397 omnes
501 360 635 409 copiae
665 360 810 406 forent;
840 371 941 396 nunc
971 359 1176 396 imminens
1206 370 1285 395 nox
1315 366 1351 395 et
1378 357 1474 407 fugi-

159 431 267 461 entes
298 424 389 461 texit
412 431 448 462 et
475 424 662 462 Romanis
687 425 875 474 pigritiem
903 424 952 461 ad
978 423 1217 474 sequendum
1244 423 1338 460 locis
1365 423 1474 473 igno·
1487 426 1548 469 ⁶05

160 488 206 525 tis
235 487 335 525 fecit.

535 600 568 630 4.
616 588 680 621 ‘The
702 600 797 622 news
822 588 953 622 reaches
978 588 1089 621 Rome.

215 668 407 706 Victoriae
442 669 573 713 nuntii,
601 668 652 715 Q.
679 668 819 706 Fabius
850 676 886 706 et
914 668 956 706 L.
983 669 1171 706 Lentulus
1199 676 1236 706 et
1262 668 1312 715 Q.
1341 668 1476 706 Metel-

161 733 231 777 lus,
273 741 416 782 quanta
460 735 584 782 potuit
631 733 799 770 adhiberi
847 734 1047 779 festinatio,
1093 735 1262 771 celeriter
1308 734 1475 772 Romam

161 811 250 836 cum
276 800 475 845 venissent,
502 808 746 848 praeceptam
773 808 901 837 tamen
927 801 1006 837 eius
1035 801 1087 837 rei
1116 801 1295 837 laetitiam
1325 801 1476 838 invene-

161 871 256 901 runt.
316 862 464 909 Quarto
488 871 575 913 post
600 864 672 909 die,
693 876 810 913 quam
836 877 924 902 cum
950 877 1040 914 rege
1066 874 1121 902 est
1141 873 1365 915 pugnatum,
1388 878 1474 903 cum
1494 878 1556 910 610

160 930 199 966 in
225 930 326 967 circo
351 929 428 967 ludi
457 930 600 976 fierent,
621 942 791 966 murmur
813 938 969 979 repente
996 931 1128 979 populi
1155 938 1234 969 tota
1260 933 1478 981 spectacula

160 997 334 1044 pervasit,
362 1003 573 1046 pugnaturn
603 996 642 1032 in
672 995 904 1033 Macedonia
932 1004 969 1033 et
999 997 1187 1034 devictum
1217 1010 1348 1046 regem
1378 1011 1474 1037 esse.

159 1060 260 1098 Dein
294 1061 464 1099 fremitus
492 1061 672 1108 increvit;
707 1069 900 1111 postremo
931 1063 1075 1100 clamor
1103 1064 1346 1113 plaususque,
1377 1065 1476 1102 velut

160 1134 264 1164 certo
294 1128 428 1164 nuntio
455 1127 632 1164 victoriae
661 1127 787 1170 allato,
808 1134 866 1179 est
893 1136 1056 1164 exortus.
1117 1127 1248 1166 Mirari
1278 1130 1476 1178 magistra-

160 1200 219 1229 tus
256 1200 294 1230 et
327 1204 508 1242 quaerere
547 1199 741 1230 auctorem
773 1194 993 1241 repentinae
1031 1193 1203 1230 laetitiae.
1262 1194 1339 1240 Qui
1370 1203 1475 1244 post·
1494 1206 1578 1247 615·

160 1270 277 1307 quam
305 1258 430 1295 nullus
459 1263 548 1302 erat,
573 1258 723 1294 evanuit
751 1258 904 1306 quidem
935 1265 1117 1307 tanquam
1148 1267 1270 1297 certae
1302 1262 1352 1297 rei
1381 1274 1474 1309 gau-

161 1324 288 1370 dium;
321 1335 438 1360 omen
470 1331 598 1360 tamen
630 1323 769 1359 laetum
801 1324 989 1360 insidebat
1018 1325 1164 1362 animis.
1223 1324 1343 1371 Quod
1372 1335 1476 1375 post-

160 1401 274 1438 quam
314 1389 410 1425 veris
448 1389 588 1425 nuntiis
627 1388 732 1425 Fabii
770 1388 998 1437 Lentulique
1042 1397 1079 1426 et
1124 1389 1268 1428 Metelli
1309 1392 1473 1429 adventu

159 1455 350 1491 firmatum
388 1461 453 1497 est,
493 1466 582 1491 eum
614 1454 770 1491 victoria
806 1455 900 1502 ipsa,
939 1461 1020 1491 tum
1059 1457 1218 1504 augurio
1258 1457 1473 1494 animorum

160 1531 318 1557 suorum
346 1519 592 1556 laetabantur.
649 1518 699 1555 Et
728 1519 800 1556 alia
832 1520 988 1556 traditur
1019 1520 1198 1558 circensis
1232 1523 1364 1559 turbae
1395 1534 1473 1559 non
1492 1532 1556 1563 620

158 1585 286 1621 minus
323 1584 454 1622 similis
484 1585 561 1621 veri
599 1584 747 1621 laetitia.
804 1586 904 1621 Ante
944 1585 1045 1621 diem
1075 1587 1250 1634 quintum
1283 1587 1472 1625 decimum

159 1649 209 1687 K.
238 1648 439 1694 Octobres,
461 1649 639 1686 ludorum
667 1648 933 1686 Romanorum
960 1651 1131 1688 secundo
1157 1652 1228 1696 die,
1252 1651 1296 1690 C.
1325 1652 1473 1691 Licinio

159 1714 316 1756 consuli,
348 1714 396 1751 ad
424 1714 630 1762 quadrigas
659 1714 862 1751 mittendas
891 1715 1122 1762 escendenti,
1152 1717 1378 1764 tabellarius,
1409 1719 1473 1768 qui

159 1792 199 1816 se
226 1791 273 1817 ex
301 1778 532 1816 Macedonia
555 1779 682 1816 venire
710 1780 859 1824 diceret,
881 1780 1066 1818 laureatas
1092 1781 1233 1819 litteras
1264 1783 1472 1822 reddidisse

159 1845 304 1882 dieitur.
372 1843 580 1894 Quadrigis
619 1845 754 1889 missis,
793 1846 927 1882 consul
966 1858 1116 1882 currum
1162 1849 1396 1894 conscendit,
1436 1858 1548 1900 et625

156 1923 245 1947 cum
271 1921 340 1959 per
360 1911 500 1946 circum
527 1910 764 1947 reveheretur
788 1911 837 1947 ad
867 1910 970 1948 foros
1000 1912 1185 1960 publicos,
1205 1913 1391 1952 laureatas
1419 1922 1471 1953 ta-

157 1976 273 2013 bellas
304 1974 450 2024 populo
484 1975 660 2011 ostendit.
719 1974 869 2020 Quibus
904 1978 1133 2025 conspectis,
1165 1986 1320 2026 repente
1354 1981 1473 2018 inme·

157 2053 240 2078 mor
269 2040 475 2090 spectaculi
503 2040 669 2089 populus
702 2040 740 2076 in
770 2041 939 2077 medium
972 2042 1143 2078 decurrit.
1203 2042 1263 2080 Eo
1295 2054 1469 2083 senatum

157 2106 292 2145 consul
321 2105 479 2150 vocavit,
511 2105 750 2154 recitatisque
786 2106 939 2151 tabellis,
975 2119 1022 2143 ex
1060 2108 1280 2146 aucton'tate
1318 2117 1469 2159 patrum

157 2184 226 2221 pro
246 2170 337 2208 foris
357 2169 519 2219 publicis
547 2170 779 2207 denuntiavit
804 2171 960 2219 populo,
983 2171 1026 2209 L.
1047 2172 1252 2210 Aemilium
1281 2175 1467 2225 collegam
1488 2183 1551 2226 630

156 2237 273 2287 signis
311 2235 469 2273 conlatis
507 2247 595 2272 cum
632 2247 720 2283 rege
759 2235 899 2273 Perseo
937 2248 1155 2286 pugnasse;
1204 2237 1468 2278 Macedonum

155 2299 364 2341 exercitum
393 2312 548 2338 caesum
579 2300 806 2350 fusumque;
850 2291 982 2351 regern
1016 2314 1104 2339 curn
1135 2304 1267 2352 paucis
1303 2304 1446 2354 fugisse
1457 2318 1466 2351 ;
