1721 2584
350 112 380 143 I.
446 111 537 142 THE
570 111 714 142 THJRD
746 110 868 141 YEAR
903 111 961 141 OF
993 110 1082 141 THE
1117 100 1235 140 WAR.
1423 112 1447 154 3

130 224 206 260 qua
250 212 491 261 aptissimum
533 211 581 249 ad
625 211 697 248 loci
745 218 917 248 naturam
972 219 1062 254 erat,
1110 216 1198 248 sunt
1246 209 1443 246 adclinata.

132 275 222 314 Non
251 276 417 314 hostium
452 277 572 315 modo
604 284 737 322 castra,
771 288 869 325 quae
903 276 1032 325 paullo
1061 275 1146 325 plus
1179 275 1281 311 mille
1311 285 1444 322 passu·
1466 285 1508 317 50

130 353 196 378 um
225 342 393 387 aberant,
425 342 494 380 sed
525 342 653 380 omnis
684 342 791 391 regio
825 341 873 378 ad
905 341 1022 378 Dium
1056 348 1093 378 et
1122 339 1270 377 Philam
1304 349 1449 387 oraque

131 406 257 451 maris,
286 406 359 445 late
388 413 545 457 patente
577 419 624 444 ex
654 413 732 443 tam
761 407 838 444 alto
867 407 959 455 iugo
987 411 1207 455 prospectu,
1237 403 1357 442 oculis
1389 415 1450 440 su-

132 471 278 509 bicitur.

365 600 399 630 4.
446 589 516 623 But
527 589 621 633 finds
647 589 700 622 the
724 602 804 632 way
828 589 929 622 do-wn
956 601 1046 622 more
1069 587 1220 634 difficult-

185 666 453 706 Inenarrabilis
491 669 600 706 labor
639 670 960 707 descendentibus
994 681 1082 706 cum
1121 669 1230 705 ruina
1262 667 1451 704 iumento-

132 745 215 770 rum
244 734 566 783 sarcinarumque.
641 734 858 783 Progressis
887 735 1042 772 vixdum
1072 747 1110 772 1v
1136 734 1239 770 milia
1267 744 1448 782 passuum
1470 744 1510 775 55

132 799 223 835 nihil
252 799 454 847 optabilius
481 811 564 836 esse
595 812 710 849 quam
740 800 872 841 redire,
898 812 974 849 qua
1000 806 1192 844 venerant,
1221 798 1251 835 si
1280 805 1450 846 possent.

133 862 325 900 Hostilem
363 875 485 912 prope
529 865 731 901 tumultum
777 865 922 912 agmini
968 864 1159 913 elephanti
1203 864 1450 912 praebebant,

131 929 207 976 qui,
240 929 305 965 ubi
345 929 395 966 ad
428 929 528 965 invia
562 938 754 970 venerant.
788 929 945 966 deiectis
982 930 1203 973 rectoribus,
1241 941 1329 965 curn
1362 928 1450 965 hor-

132 993 252 1030 rendo
286 994 444 1031 stridore
482 1006 663 1043 pavorem
699 995 908 1043 ingentem,
943 993 1051 1043 equis
1085 994 1262 1036 maxime,
1294 993 1449 1030 incutie-

131 1059 234 1102 bant,
269 1058 395 1096 donec
429 1059 651 1096 traducendi
687 1071 756 1096 eos
787 1060 882 1096 ratio
914 1059 1006 1096 inita
1040 1066 1108 1096 est.
1180 1059 1252 1095 Per
1284 1057 1449 1107 proclive
1467 1062 1510 1093 60

132 1131 286 1172 sumpto
315 1124 478 1173 fastigio,
507 1125 611 1173 longi
642 1126 719 1162 duo
746 1125 856 1162 validi
885 1137 1033 1162 asseres
1063 1137 1110 1162 ex
1139 1123 1314 1161 inferiore
1343 1131 1450 1172 parte

132 1190 171 1226 in
201 1197 299 1226 terra
330 1190 605 1239 deligebantur,
635 1191 818 1227 distantes
849 1191 947 1228 inter
977 1202 1017 1227 se
1051 1189 1179 1239 paullo
1209 1189 1305 1238 plus,
1334 1201 1450 1238 quam

133 1262 275 1303 quanta
305 1255 440 1292 beluae
469 1255 627 1293 latitudo
660 1262 727 1293 est.
785 1255 832 1292 In
862 1267 935 1293 eos-
959 1264 1175 1292 transverso
1203 1255 1450 1292 incumbente

133 1319 252 1368 tigno,
283 1331 388 1357 asses
423 1321 589 1358 tricenos
622 1321 728 1369 longi
763 1321 894 1370 pedes,
927 1328 969 1358 ut
1001 1333 1101 1370 pons
1135 1328 1245 1366 esset,
1277 1320 1450 1368 iniunge—

132 1388 281 1432 bantur,
311 1387 526 1436 humusque
561 1387 716 1436 insuper
744 1387 979 1424 iniciebatur.
1036 1387 1197 1424 Modico
1227 1386 1366 1423 deinde
1394 1387 1450 1424 in·
1471 1390 1511 1430 65

134 1452 190 1489 fra
223 1452 418 1489 intervallo
454 1453 584 1490 similis
617 1453 710 1489 alter
744 1464 855 1502 pons,
887 1453 975 1489 dein
1009 1453 1150 1496 tertius,
1181 1459 1218 1489 et
1248 1452 1375 1501 plures
1405 1464 1452 1489 ex

134 1517 279 1562 ordine,
303 1529 379 1565 qua
406 1529 520 1566 rupes
549 1518 721 1555 abscisae
751 1525 868 1562 erant,
896 1518 1045 1554 fiebant.
1105 1517 1238 1554 Solido
1267 1517 1452 1566 procede-

134 1583 199 1619 bat
227 1581 452 1631 elephantus
481 1583 519 1619 in
549 1590 730 1631 pontem;
778 1584 885 1620 cuius
915 1583 1139 1632 priusquam
1171 1583 1208 1618 in
1240 1590 1451 1620 extremum

134 1648 370 1698 procederet,
400 1648 556 1685 succisis
585 1648 775 1685 asseribus
804 1648 1010 1697 conlapsus
1039 1660 1138 1697 pons
1167 1660 1288 1697 usque
1320 1648 1369 1685 ad
1402 1648 1451 1685 al·

136 1714 250 1750 terius
268 1713 416 1750 initium
442 1714 569 1762 pontis
596 1713 745 1762 prolabi
771 1725 859 1750 eum
887 1713 1020 1750 leniter
1047 1714 1222 1762 cogebat.
1278 1713 1352 1750 Alii
1379 1714 1453 1751 ele·
1474 1726 1514 1759 70

135 1778 269 1827 phanti
297 1778 460 1827 pedibus
492 1778 720 1823 insistentes,
752 1778 810 1815 alii
842 1778 1016 1815 clunibus
1048 1778 1299 1823 subsidentes,
1329 1780 1454 1828 prola-

135 1844 336 1880 bebantur.
392 1843 470 1880 Ubi
500 1843 674 1891 planities
708 1843 824 1880 altera
858 1844 987 1892 pontis
1020 1844 1234 1892 excepisset
1264 1856 1343 1887 eos,
1376 1857 1454 1882 rur-

137 1921 202 1946 sus
239 1908 350 1945 simili
387 1909 496 1945 ruina
532 1908 718 1945 inferioris
757 1909 887 1957 pontis
926 1908 1202 1954 deferebantur,
1242 1909 1367 1947 donec
1405 1911 1453 1948 ad

137 1974 357 2023 aequiorem
394 1973 529 2010 vallem
567 1981 793 2023 perventum
832 1981 898 2011 est.
969 1973 1102 2011 Paullo
1141 1974 1226 2023 plus
1259 1987 1313 2012 vn
1351 1977 1454 2013 milia

136 2051 184 2076 eo
222 2038 282 2076 die
317 2037 486 2075 Romani
519 2046 801 2087 processerunt.
871 2038 1077 2076 Minimum
1117 2039 1279 2087 pedibus
1312 2040 1451 2078 itineris
1473 2056 1511 2089 75

137 2103 377 2148 confectum;
420 2103 643 2152 plerumque
677 2104 944 2152 provolventes
983 2117 1023 2142 se
1063 2104 1173 2141 simul
1212 2117 1299 2141 cum
1337 2108 1453 2144 armis

136 2169 294 2217 aliisque
325 2168 514 2212 oneribus,
554 2180 641 2205 cum
680 2170 786 2206 omni
824 2181 964 2217 genere
1002 2169 1223 2215 vexationis,
1257 2181 1454 2219 processe-

135 2239 245 2280 runt;
277 2233 374 2270 adeo
399 2240 441 2269 ut
468 2245 516 2269 ne
543 2233 622 2270 dux
648 2233 803 2282 quidem
831 2240 867 2271 et
894 2241 1028 2271 auctor
1053 2234 1194 2271 itineris
1222 2235 1452 2282 infitiaretur,

135 2311 250 2348 parva
283 2310 400 2335 manu
431 2297 546 2334 deleri
577 2309 734 2335 omnem
766 2299 975 2335 exercitum
1008 2299 1189 2348 potuisse.
1247 2298 1374 2338 Nocte
1404 2300 1455 2339 ad

754 2375 776 2401 Β
808 2375 827 2400 2
