1721 2584
241 152 294 189 24
603 151 692 180 THE
721 150 1040 181 MACEDONIAN
1069 149 1187 180 WAR.

238 241 404 279 civitates
438 256 572 281 omnes
606 244 861 282 Macedoniae
900 245 937 281 in
980 243 1169 282 dicionem
1209 243 1341 293 populi
1380 242 1546 280 Romani

236 307 395 344 venisse.
467 307 540 345 His
578 309 724 354 auditis,
759 309 903 346 clamor
941 321 1028 345 cum
1066 308 1210 357 ingenti
1248 308 1384 357 plausu
1421 316 1545 351 ortus;

156 371 218 411 635
239 370 334 407 ludis
371 371 518 415 relictis,
551 373 688 410 domus
733 385 874 422 magna
912 385 1000 422 pars
1038 373 1237 410 hominum
1277 373 1324 409 ad
1363 373 1546 420 coniuges

237 435 451 486 liberosque
471 437 609 474 lactum
630 438 805 474 nuntium
826 438 1040 486 portabant.
1099 436 1252 474 Tertius
1278 436 1448 474 decimus
1468 437 1547 473 dies

235 508 315 537 erat
343 502 392 538 ab
421 513 480 548 eo,
509 515 586 551 quo
615 503 652 538 in
684 502 915 539 Macedonia
943 509 1155 551 pugnatum
1184 509 1253 540 est.

671 627 702 658 5.
751 618 887 650 Perseus
912 629 935 648 a
953 615 1119 660 prisoner.

290 695 398 732 Pulio
419 697 557 733 amictu
587 709 674 733 cum
702 696 778 733 filio
800 695 960 732 Perseus
986 695 1180 745 ingressus
1206 703 1262 734 est
1290 704 1422 741 castra,
1443 697 1547 734 nulio

237 772 393 796 suorum
425 762 498 797 alio
531 762 682 806 comite,
705 772 819 809 quam
850 760 914 809 qui
944 761 1071 798 socius
1101 761 1324 798 calamitatis
1356 761 1550 798 miserabi-

157 825 220 865 640
238 825 368 861 liorem
397 838 483 862 eum
514 825 665 862 faceret.
722 825 904 874 Progredi
935 838 1025 874 prae
1054 826 1163 862 turba
1193 827 1471 862 occurrentium
1502 827 1550 863 ad

236 889 494 936 spectaculum
535 902 614 926 non
654 896 813 938 poterat,
847 890 971 927 donec
1010 902 1033 927 a
1070 891 1227 927 consule
1260 891 1409 928 lictores
1443 892 1548 927 missi

237 960 335 996 sunt,
368 954 430 1002 qui
463 961 657 990 summoto
695 955 762 991 iter
793 953 841 991 ad
878 955 1111 1003 praetorium
1145 954 1323 992 facerent.
1381 954 1548 993 Consur-

236 1020 331 1055 rexit
369 1019 503 1056 consul
541 1026 588 1064 et,
610 1020 720 1056 iussis
760 1019 890 1056 sedere
930 1020 1010 1057 aliis
1042 1033 1342 1069 progressusque
1381 1021 1546 1069 paulum,

238 1084 441 1120 introeunti
480 1084 559 1132 regi
599 1084 770 1120 dextram
809 1085 985 1133 porrexit,
1020 1085 1394 1134 summittentemque
1427 1098 1466 1122 se
1500 1087 1548 1123 ad

156 1151 218 1191 645
237 1148 354 1196 pedes
384 1149 541 1194 sustulit,
573 1161 644 1185 nec
678 1150 860 1198 attingere
893 1162 1019 1200 genua
1049 1162 1195 1199 passus,
1221 1150 1477 1187 introductum
1510 1152 1546 1187 in

236 1214 520 1250 tabernaculum
560 1213 738 1251 adversus
778 1214 986 1252 advocatos
1024 1215 1063 1251 in
1109 1215 1310 1252 consilium
1350 1215 1547 1252 considere

235 1278 350 1314 iussit.
409 1278 533 1315 Prima
567 1279 804 1327 percontatio
837 1279 915 1325 fuit,
940 1292 1015 1329 qua
1048 1281 1224 1317 subactus
1254 1281 1388 1317 iniuria
1417 1289 1547 1318 contra

234 1343 419 1392 populum
451 1343 671 1380 Romanum
701 1344 841 1381 bellum
871 1351 948 1381 tam
979 1345 1116 1382 infesto
1147 1345 1277 1381 animo
1307 1347 1545 1395 suscepisset,

234 1420 311 1456 quo
338 1421 378 1446 se
404 1421 640 1457 regnumque
671 1422 781 1445 suum
811 1409 858 1446 ad
888 1409 1061 1446 ultimum
1089 1410 1288 1447 discrimen
1317 1411 1545 1448 adduceret?

152 1475 213 1514 650
234 1472 344 1518 Cum,
373 1485 596 1522 responsum
628 1475 915 1523 expectantibus
945 1475 1102 1519 cunctis,
1133 1481 1269 1511 terram
1299 1475 1450 1513 intuens
1481 1477 1542 1513 diu

230 1537 364 1574 tacitus
386 1537 501 1581 fleret,
522 1551 669 1575 rursum
690 1539 846 1577 consul:
876 1543 885 1558 ‘
900 1539 938 1576 Si
959 1539 1102 1576 iuvenis
1128 1552 1286 1587 regnum
1316 1541 1541 1588 accepisses,

230 1603 355 1639 minus
382 1603 558 1652 equidem
586 1604 752 1649 mirarer,
773 1604 968 1653 ignorasse
994 1610 1042 1645 te,
1068 1617 1183 1654 quam
1211 1606 1335 1652 gravis
1360 1614 1423 1642 aut
1450 1609 1541 1643 ami-

230 1680 297 1704 cus
326 1676 390 1704 aut
419 1668 593 1706 inimicus
621 1676 720 1707 esset
750 1670 916 1718 populus
946 1669 1167 1715 Romanus;
1199 1681 1300 1706 nunc
1328 1682 1428 1715 vero,
1453 1684 1540 1709 cum

231 1739 268 1769 et
306 1733 406 1770 bello
444 1735 558 1782 patris
596 1736 659 1779 tui,
691 1736 795 1783 quod
835 1735 1034 1771 nobiscum
1072 1734 1201 1782 gessit,
1236 1734 1467 1773 interfuisses
1505 1745 1542 1774 et

151 1799 212 1839 655
232 1798 336 1846 pacis
366 1805 512 1847 postea,
544 1811 658 1847 quam
690 1812 777 1836 cum
812 1811 962 1836 summa
994 1797 1068 1835 fide
1097 1799 1278 1835 adversus
1307 1811 1394 1835 eum
1425 1802 1541 1838 colui-

231 1876 327 1905 mus,
360 1865 611 1908 meminisses,
645 1866 750 1913 quod
784 1865 850 1902 fuit
884 1864 1095 1905 consilium,
1129 1877 1291 1912 quorum
1324 1873 1360 1901 et
1392 1867 1467 1903 vim
1502 1869 1540 1904 in

230 1928 329 1965 bello
359 1937 395 1965 et
424 1929 539 1966 fidem
568 1929 605 1966 in
634 1941 729 1978 pace
759 1936 938 1978 expertus
968 1941 1082 1973 esses,
1113 1941 1199 1965 cum
1231 1930 1273 1965 iis
1302 1929 1367 1966 tibi
1399 1931 1540 1968 bellum

229 2004 312 2029 esse
337 2005 450 2042 quam
479 2007 613 2043 pacem
638 1993 797 2031 malle?'
854 1993 937 2031 Nec
965 1995 1216 2039 interrogatus
1244 2005 1315 2031 nec
1342 2003 1540 2033 accusatus

232 2070 317 2093 cum
347 2060 616 2107 responderet:
648 2058 887 2106 ‘Utcumque
918 2065 1046 2095 tamen
1076 2058 1181 2099 baec,
1211 2059 1287 2095 sive
1317 2072 1444 2098 errore
1475 2061 1541 2098 hu-

151 2125 213 2155 660
232 2135 347 2159 mano
376 2136 441 2160 seu
472 2136 560 2160 casu
590 2136 657 2160 scu
685 2124 920 2167 necessitate,
948 2123 1171 2162 inciderunt.
1196 2124 1341 2160 bonum
1372 2125 1541 2163 animum

232 2185 355 2231 habe:
402 2189 607 2225 multorum
653 2201 787 2235 regum
833 2195 868 2224 et
915 2189 1145 2236 populorum
1189 2189 1341 2226 casibus
1388 2192 1543 2237 cognita

232 2251 361 2298 populi
394 2251 560 2288 Romani
588 2252 789 2289 clementia
818 2264 894 2288 non
926 2253 1045 2289 modo
1076 2265 1183 2301 spem
1216 2254 1292 2298 tibi,
1323 2254 1391 2291 scd
1421 2267 1542 2303 prope

232 2323 372 2351 certam
410 2315 587 2352 fiduciam
626 2317 753 2353 salutis
790 2316 968 2365 praebet?
1025 2316 1136 2354 Haec
1176 2316 1326 2355 Graeco
1365 2331 1542 2358 sermone
