1721 2584
244 142 298 172 20
612 140 701 170 THE
730 141 796 170 MA
806 141 1045 171 CEDONIAN
1078 141 1196 170 WAR.

384 352 416 385 7.
466 344 528 377 The
551 351 765 390 engagement
788 347 816 379 is
827 344 951 390 finally
975 345 1116 390 brought
1140 358 1178 379 on
1203 344 1240 388 by
1265 345 1422 380 accident.

301 437 392 476 Post
421 439 519 477 hanc
549 442 759 479 orationem
791 442 979 479 silentium
1014 441 1094 487 fuit,
1132 442 1268 491 partim
1306 442 1485 478 traductis
1521 440 1559 476 in

248 505 471 540 sententiam
502 506 592 550 eius,
612 507 748 554 partim
778 507 993 543 verentibus
1023 508 1278 556 nequicquam
1308 506 1500 542 offendere
1520 506 1559 541 in

248 580 307 613 eo,
337 569 453 617 quod,
492 576 698 619 utcumque
736 572 1058 620 praetermissum,
1097 572 1262 609 revocari
1301 583 1381 608 non
1419 578 1560 619 posset.

169 646 231 677 520
250 634 306 670 Ac
335 646 384 671 ne
413 633 476 671 illo
506 635 590 683 ipso
620 635 775 683 quidem
806 636 866 672 die
895 644 959 672 aut
987 637 1133 673 consuli
1171 644 1236 673 aut
1272 636 1351 685 regi
1389 647 1560 685 pugnare

249 698 431 746 placebat,
474 700 564 747 regi,
603 700 708 747 quod
747 712 818 737 nec
856 700 988 745 fessos,
1026 708 1068 738 ut
1106 702 1236 750 pridie,
1266 714 1312 739 ex
1341 701 1400 738 via
1436 712 1561 749 neque

249 763 479 810 trepidantes
517 764 555 800 in
594 765 673 800 acie
708 765 926 801 instruenda
964 772 1000 802 et
1039 766 1192 803 vixdum
1232 766 1469 814 compositos
1498 765 1563 801 ad-

250 840 446 876 gressurus
476 837 566 875 erat,
606 829 762 873 consuli,
803 831 910 878 quod
945 831 983 866 in
1022 832 1130 867 novis
1165 832 1293 868 castris
1331 843 1411 868 non
1447 831 1563 879 ligna,

249 907 326 931 non
356 896 538 943 pabulum
569 903 794 933 convectum
834 904 924 942 erat,
964 897 1012 933 ad
1051 909 1149 946 quae
1188 898 1354 946 petenda
1392 910 1437 933 ex
1477 908 1565 944 pro-

171 972 230 1003 525
250 960 402 1009 pinquis
430 961 529 1008 agris
559 973 702 1009 magna
722 973 811 1010 pars
831 961 991 998 militum
1014 974 1033 998 e
1054 963 1185 999 castris
1206 964 1357 1000 exierat.
1415 961 1562 999 Neutro

250 1026 519 1073 imperatorum
549 1026 711 1070 volente,
742 1026 903 1071 fortuna,
934 1039 1031 1075 quae
1069 1027 1154 1075 plus
1194 1028 1359 1065 consiliis
1388 1027 1566 1064 humanis

251 1091 377 1139 pollet,
417 1091 604 1127 contraxit
644 1098 847 1128 certamen.
924 1091 1086 1128 Flumen
1124 1099 1204 1129 erat
1242 1093 1343 1129 haud
1382 1104 1567 1141 magnum

252 1156 408 1204 propius
436 1155 603 1192 hostium
635 1157 775 1202 castris,
817 1169 863 1193 ex
893 1169 970 1206 quo
999 1164 1036 1194 et
1066 1156 1303 1194 Macedones
1332 1165 1369 1194 et
1399 1157 1565 1193 Romani

252 1220 498 1268 aquabantur,
528 1221 725 1268 praesidiis
754 1233 801 1257 ex
831 1228 988 1270 utraque
1017 1222 1097 1270 ripa
1125 1222 1270 1270 positis,
1300 1228 1340 1258 ut
1378 1221 1416 1258 id
1445 1221 1566 1258 facere

173 1298 235 1327 530
253 1292 333 1322 tuto
362 1292 534 1333 possent.
609 1285 719 1323 Duae
759 1286 934 1324 cohortes
965 1299 987 1323 a
1014 1294 1120 1336 parte
1151 1287 1419 1324 Romanorum
1448 1293 1565 1332 erant,

253 1349 470 1387 Marrucina
499 1357 535 1387 et
573 1351 757 1399 Peligna,
798 1351 895 1389 duae
933 1358 1079 1389 turmae
1119 1351 1345 1388 Samnitium
1383 1352 1565 1401 equitum,

252 1416 390 1465 quibus
428 1422 600 1464 praeerat
638 1415 693 1453 M.
730 1415 884 1464 Sergius
925 1415 1023 1453 Silus
1063 1417 1233 1464 legatus;
1278 1424 1316 1453 et
1357 1417 1458 1453 aliud
1495 1428 1565 1465 pro

252 1480 384 1518 castris
414 1481 589 1516 stativum
618 1487 697 1517 erat
724 1481 954 1529 praesidium
984 1482 1055 1517 sub
1085 1481 1128 1518 C.
1158 1480 1291 1518 Cluvio
1325 1481 1462 1530 legato,
1492 1488 1567 1518 tres

254 1546 441 1590 cohortes,
485 1545 673 1590 Firmana,
717 1544 887 1591 Vestina,
933 1545 1227 1592 Cremonensis;
1276 1546 1372 1583 duae
1420 1553 1567 1583 turmae

175 1621 235 1652 535
255 1611 423 1659 equitum
454 1610 674 1647 Placentina
711 1617 749 1647 et
778 1610 1000 1647 Aesernina.
1069 1610 1168 1648 Cum
1198 1611 1317 1648 otium
1347 1611 1395 1648 ad
1426 1611 1569 1648 flumen

255 1681 365 1720 esset,
394 1675 536 1711 neutris
575 1674 858 1716 lacessentibus,
898 1675 991 1711 hora
1029 1676 1176 1712 circiter
1213 1687 1319 1712 nona
1356 1677 1568 1712 iumentum

254 1752 275 1776 e
303 1739 482 1776 manibus
511 1740 724 1776 curantium
755 1739 925 1787 elapsum
955 1740 993 1775 in
1023 1740 1236 1777 ulteriorem
1267 1741 1388 1788 ripam
1426 1740 1568 1788 effugit.

255 1803 373 1850 Quod
403 1816 491 1840 cum
521 1816 588 1852 per
618 1816 768 1851 aquam,
799 1804 913 1840 ferme
943 1816 1064 1851 genus
1094 1812 1202 1840 tenus
1233 1804 1356 1847 altam,
1384 1811 1458 1841 tres
1488 1805 1569 1841 mil-

254 1870 327 1907 ites
356 1876 615 1918 sequerentur,
637 1869 808 1906 Thraces
838 1869 914 1905 duo
936 1869 973 1905 id
1004 1870 1214 1905 iumentum
1238 1881 1284 1906 ex
1305 1870 1432 1906 medio
1462 1869 1568 1906 alveo

174 1945 237 1977 540
255 1935 292 1970 in
323 1945 431 1970 suam
461 1934 584 1982 ripam
613 1933 813 1977 traherent,
843 1934 958 1970 altero
999 1945 1131 1970 eorum
1170 1935 1299 1970 occiso
1338 1942 1569 1982 receptoque

255 2000 438 2044 iumento,
469 1998 517 2035 ad
547 1999 749 2035 stationem
779 2009 934 2035 suorum
964 2010 1004 2035 se
1033 1999 1275 2046 recipiebant.
1346 1998 1570 2046 Octingent-

255 2075 365 2101 orum
395 2063 590 2100 Thracum
620 2063 851 2112 praesidium
881 2063 919 2098 in
948 2063 1115 2099 hostium
1144 2064 1226 2111 ripa
1254 2069 1342 2100 erat.
1424 2063 1484 2100 Ex
1513 2063 1570 2102 his

255 2128 367 2177 pauci
397 2128 532 2177 prium,
562 2139 675 2176 aegre
703 2127 805 2176 passi
834 2127 1057 2175 popularem
1086 2127 1124 2163 in
1156 2139 1227 2164 suo
1253 2135 1462 2175 conspectu
1487 2140 1570 2165 cae-

255 2204 350 2238 sum,
376 2193 424 2229 ad
451 2192 739 2241 persequendos
766 2191 1027 2228 interfectores
1054 2191 1205 2228 fluvium
1228 2193 1450 2241 transgressi
1470 2200 1569 2239 sunt,

173 2268 236 2301 545
257 2257 345 2294 dein
373 2257 511 2305 plures,
540 2263 737 2306 postremo
766 2266 912 2292 omnes.
