1721 2584
257 125 286 163 4
624 117 713 148 THE
743 117 1057 148 MACEDONIAN
1092 119 1211 150 WAR.

201 229 242 258 80
260 219 450 256 modicam
472 218 666 267 planitiem
691 224 954 266 pewenerunt‚
976 231 1059 263 nec,
1081 231 1197 268 quam
1224 218 1384 256 infestus
1411 220 1442 256 is
1467 219 1573 256 locus

201 682 239 722 85

196 1018 238 1050 90

197 1338 236 1370 95.

181 1664 240 1684 100

181 2123 239 2153 105

257 290 367 323 essct,
408 290 562 331 saeptus
608 282 786 331 undique,
824 283 1156 331 circumspiciendi
1199 284 1362 331 spatium
1410 284 1477 320 suit
1514 284 1574 319 vix

258 349 413 385 tandein
460 360 507 384 ex
554 348 747 396 insperato
797 347 969 386 stabilem
1022 348 1073 385 ad
1120 348 1373 386 insistendum
1426 348 1575 385 nanctis

260 413 396 450 locuni.

400 538 432 568 5.
480 527 543 560 ‘she
568 527 753 571 incapacity
778 528 821 570 of
837 530 974 561 Perseus
995 529 1096 572 gives
1123 529 1276 561 Marcius
1301 541 1435 562 success.

314 607 471 644 Lavanti
496 608 573 656 regi
601 607 736 644 dicitur
756 609 983 653 nuntiatum,
1003 609 1134 645 hostes
1160 608 1303 644 adesse.
1363 606 1453 653 Quo
1481 619 1577 643 nun-

261 673 312 710 tio
344 685 431 710 cum
467 673 624 721 pavidus
661 672 853 710 exiluisset
881 685 902 710 e
932 673 1042 717 solio,
1072 673 1212 709 victum
1247 685 1286 709 se
1319 673 1400 709 sine
1431 672 1577 721 proelio

260 738 456 774 clamitans
487 737 691 786 proripuit;
728 744 764 774 et
797 738 960 774 subinde
990 750 1057 786 per
1086 737 1158 774 alia
1189 745 1302 785 atque
1338 738 1409 774 alia
1441 737 1579 786 pavida

259 803 416 839 consilia
443 809 479 839 et
509 802 668 851 imperia
697 803 904 850 trepidans,
935 803 1032 839 duos
1061 815 1108 838 ex
1138 803 1281 847 amicis,
1313 802 1456 838 Pellam
1486 803 1577 839 alte-

258 880 351 913 rum,
383 874 432 912 ut,
464 880 562 916 quae
597 867 645 904 ad
678 867 849 903 Phacum
880 867 1045 916 pecunia
1076 867 1250 915 deposita
1281 875 1370 911 erat,
1403 868 1442 904 in
1473 879 1577 904 mare

257 933 470 982 projiceret,
507 932 825 969 Thessalonicam
864 933 1023 969 alterum
1063 932 1126 981 qui
1166 933 1313 969 navalia
1357 933 1577 969 incenderet

256 998 375 1042 misit;
408 997 594 1046 Hippiam
623 997 763 1046 quique
791 1009 878 1034 cum
910 1009 958 1034 eo
987 1005 1095 1034 erant
1122 1010 1167 1034 ex
1193 997 1389 1046 praesidiis
1416 1005 1574 1041 revocat,

257 1074 470 1110 omnesque
498 1062 622 1098 aditus
653 1063 774 1110 aperit
803 1062 915 1099 bello.
974 1062 1073 1110 Ipse,
1102 1063 1150 1098 ab
1175 1061 1250 1098 Dio
1279 1063 1418 1098 auratis
1445 1063 1576 1099 statuis

256 1128 435 1164 omnibus
474 1127 601 1174 raptis,
635 1139 682 1163 ne
721 1127 864 1174 praeda
902 1126 1003 1162 hosti
1037 1134 1174 1170 essent,
1211 1126 1356 1163 incolas
1391 1127 1471 1163 eius
1505 1127 1576 1163 loci

258 1193 471 1240 demigrare
500 1191 674 1240 Pydnam
702 1192 815 1240 cogit,
846 1198 893 1236 et,
923 1204 1021 1240 quae
1049 1193 1242 1228 temeritas
1270 1192 1436 1228 consulis
1462 1192 1577 1229 videri

258 1258 453 1305 potuisset,
487 1257 590 1305 quod
626 1268 672 1294 eo
708 1257 967 1305 processisset,
1000 1257 1102 1293 unde
1136 1257 1253 1293 invito
1288 1256 1398 1293 hoste
1432 1257 1578 1305 regredi

258 1322 438 1370 nequiret,
460 1334 545 1358 eam
571 1333 649 1358 non
671 1322 927 1358 inconsultam
955 1322 1155 1358 audaciam
1183 1321 1279 1358 fecit.
1340 1321 1449 1359 Duos
1476 1323 1577 1359 enim

257 1387 385 1431 saltus,
416 1399 483 1435 per
515 1398 614 1434 quos
648 1387 735 1423 inde
769 1387 930 1423 evadere
966 1394 1135 1435 possent,
1171 1387 1364 1423 habebant
1399 1387 1575 1432 Romani,

257 1464 375 1488 unum
411 1463 480 1500 per
509 1451 659 1499 Tempe
689 1451 728 1487 in
758 1451 1009 1495 Thessaliam,
1040 1451 1200 1488 alterum
1235 1452 1273 1487 in
1304 1451 1577 1488 Macedoniam

257 1524 405 1565 praeter
442 1516 570 1561 Dium,
610 1528 708 1564 quae
746 1523 905 1564 utraque
944 1516 1056 1563 regiis
1101 1517 1326 1553 tenebantur
1369 1517 1574 1565 praesidiis.

260 1582 395 1630 Itaque
422 1582 453 1618 si
481 1581 556 1617 dux
584 1580 793 1629 intrepidus
820 1593 843 1617 x
871 1581 950 1617 dies
982 1581 1143 1629 primam
1172 1582 1340 1629 speciem
1370 1581 1577 1631 adpropin-

261 1647 410 1694 quantis
450 1646 599 1683 terroris
639 1646 889 1690 sustinuisset,
922 1657 1045 1692 neque
1080 1653 1254 1693 receptus
1290 1645 1476 1683 Romanis
1511 1659 1577 1695 per

261 1711 412 1761 Tempe
447 1711 485 1747 in
513 1710 752 1747 Thessaliam
784 1722 908 1758 neque
941 1711 1218 1746 commeatibus
1247 1710 1499 1759 pervehendis
1532 1724 1576 1748 ea

258 1777 442 1826 patuisset
463 1776 542 1813 iter.

695 1892 728 1925 6.
776 1891 839 1924 ‘The
857 1898 938 1934 pass
964 1891 1007 1932 of
1024 1892 1146 1935 Tempe.

315 1973 412 2010 Sunt
437 1972 539 2010 enim
565 1971 716 2020 Tempe
746 1971 874 2015 saltus,
900 1971 1047 2007 etiamsi
1077 1983 1155 2007 non
1183 1971 1284 2009 bello
1316 1972 1379 2009 fiat
1405 1971 1575 2015 infestus,

260 2038 417 2074 transitu
438 2037 609 2074 difficilis.
667 2036 768 2073 Nam
789 2043 937 2084 praeter
958 2037 1152 2081 angustias
1179 2049 1246 2084 per
1266 2037 1435 2086 quinque
1462 2038 1574 2081 milia,

261 2114 337 2150 qua
375 2102 556 2149 exiguum
587 2102 768 2138 iumento
805 2108 946 2137 onusto
987 2101 1054 2137 iter
1088 2108 1123 2138 et
1156 2113 1270 2149 rupes
1303 2103 1492 2151 utrimque
1527 2103 1575 2139 ita

260 2167 430 2203 abscisae
460 2174 557 2211 sunt,
582 2174 631 2203 -ut
664 2166 807 2214 despici
843 2165 903 2202 vix
934 2166 1014 2202 sine
1047 2167 1228 2213 vertigine
1263 2167 1429 2214 quadam
1463 2167 1574 2204 simul

260 2233 460 2269 oculorum
492 2233 684 2280 animique
713 2231 844 2280 possit,
871 2237 984 2267 terret
1016 2238 1051 2267 et
1081 2232 1226 2268 sonitus
1258 2239 1293 2268 et
1323 2232 1479 2269 altitudo
1509 2245 1576 2280 per

262 2296 430 2333 mediam
452 2296 586 2333 vallem
609 2296 760 2333 fluentis
777 2296 892 2332 Penei
913 2297 1047 2332 amnis.
1104 2296 1183 2332 Hic
1204 2297 1321 2343 locus,
1344 2304 1420 2334 tam
1442 2304 1574 2346 suapte
