1721 2584
562 112 600 143 V.
666 112 755 143 THE
786 112 1050 144 CAMPAIGN.
1287 157 1290 159 ‚
1414 116 1465 157 19

143 218 296 260 portum
327 211 374 250 ad
404 224 539 249 omnes
569 224 679 249 casus
709 212 894 250 exercitus
928 213 1120 250 ducebant
1158 225 1253 258 esse,
1283 213 1386 250 unde
1416 213 1463 249 ad

143 288 313 325 pugnam
344 277 499 321 exirent,
530 288 608 326 quo
646 278 769 314 iactati
809 284 1034 326 tempestate
1074 289 1228 326 pugnae
1265 284 1462 327 receptum

142 341 334 379 haberent.
394 341 499 387 Ideo,
530 354 616 379 cum
647 342 894 380 munimentis
924 355 969 380 ea
998 342 1240 392 saepsissent,
1271 343 1461 392 praesidio
1481 351 1544 384 490

144 415 299 452 quoque
340 405 464 442 valido
507 406 718 450 firmabant,
762 406 879 455 quod,
922 407 984 456 qui
1027 407 1158 444 castris
1199 414 1334 444 exutus
1374 415 1462 454 erat,

142 469 287 506 etiamsi
318 471 530 519 pugnando
560 471 639 507 acie
659 471 818 516 vicisset,
841 483 911 520 pro
932 472 1030 525 victo
1058 471 1269 509 haberetur.
1328 471 1462 510 Castra

141 540 230 570 sunt
259 535 390 571 victori
428 536 718 583 receptaculum,
750 536 848 573 victo
880 535 1106 586 perfugium.
1186 536 1315 582 Quam
1354 537 1463 574 multi

141 600 339 644 exercitus,
360 601 497 648 quibus
528 600 652 637 minus
682 613 866 649 prospera
894 613 1046 650 pugnae
1076 601 1228 639 fortuna
1257 601 1334 647 fuit,
1367 603 1462 640 intra

141 664 279 700 vallum
320 665 505 713 conpulsi,
548 672 721 713 tempore
762 677 843 710 suo,
886 666 1078 703 interdum
1119 675 1320 704 momento
1362 676 1459 717 post,
1480 677 1541 710 495

141 730 339 778 eruptione
369 729 467 766 facta
496 729 677 766 victorem
707 729 858 766 hostem
887 731 1143 780 pepulerunt?
1201 732 1327 770 Patria
1346 733 1462 770 altera

141 801 198 831 est
227 794 394 831 militaris
424 793 518 831 haec
549 794 671 833 sedes,
703 795 920 845 vallumque
958 808 1029 844 pro
1068 798 1272 835 moenibus
1310 805 1347 835 et
1380 805 1461 836 ten-

139 859 276 896 torium
307 871 418 896 suum
449 859 586 907 cuique
615 860 722 895 militi
752 860 891 896 domus
930 873 974 898 ac
1013 868 1172 910 penates
1211 869 1308 899 sunt.
1371 862 1460 902 Sine

139 924 214 961 ulla
243 924 332 962 Sede
362 924 448 972 vagi
479 923 767 961 dimicassemus
783 937 793 972 ;
828 933 868 962 ut
898 937 975 975 quo
1005 926 1167 964 victores
1206 939 1278 965 nos
1315 929 1460 980 recipe-

139 989 294 1027 remus?
1480 1003 1541 1034 500

239 1149 264 1169 c.
308 1138 400 1169 ‘Nor
423 1149 490 1169 was
513 1138 569 1169 the
593 1148 705 1179 enemy
730 1138 829 1180 likely
852 1144 886 1172 to
910 1139 992 1172 have
1015 1140 1110 1182 given
1134 1152 1172 1173 us
1195 1141 1250 1173 the
1273 1143 1356 1185 slip.'

194 1245 289 1282 ‘His
321 1245 600 1282 difficultatibus
629 1253 665 1282 et
689 1246 972 1294 impedimentis
998 1260 1151 1296 pugnae
1178 1249 1268 1286 illud
1295 1252 1460 1300 opponi-

137 1317 217 1347 tur:
249 1309 365 1356 Quid,
396 1310 427 1347 si
456 1310 574 1347 hostis
604 1310 675 1347 hac
705 1311 924 1359 interposita
952 1320 1065 1350 nocte
1095 1314 1245 1360 abisset,
1274 1321 1476 1365 quantum'

137 1387 266 1413 rursus
297 1376 497 1425 sequendo
527 1387 574 1412 eo
613 1376 764 1424 penitus
804 1377 842 1412 in
881 1377 1053 1414 ultimam
1094 1378 1367 1418 Macedoniam
1397 1395 1460 1419 ex-

138 1440 390 1478 hauriendum
429 1441 565 1478 laboris
604 1442 711 1478 erat?
768 1441 855 1490 Ego
895 1452 1034 1488 autem,
1074 1456 1199 1494 neque
1238 1458 1458 1484 mansurum

137 1520 226 1545 eum
246 1519 370 1556 neque
392 1507 430 1543 in
457 1507 578 1543 aciem
601 1508 732 1555 copias
752 1507 977 1544 educturum
1005 1508 1131 1556 fuisse,
1153 1518 1297 1548 certum
1322 1512 1457 1559 habeo,
1478 1525 1539 1555 505

137 1573 167 1611 si
197 1573 331 1610 cedere
361 1572 449 1609 hinc
478 1572 679 1609 statuisset.
756 1571 914 1617 Quanto
945 1575 1046 1610 enim
1077 1575 1219 1614 facilius
1248 1577 1350 1615 abire
1380 1578 1457 1623 fuit,

136 1651 224 1676 cum
253 1638 385 1687 procul
413 1638 645 1682 abessemus‚
677 1649 792 1686 quam
822 1651 935 1685 nunc,
966 1652 1054 1676 cum
1083 1641 1122 1677 in
1161 1643 1369 1680 cervicibus
1398 1656 1459 1681 su-

136 1715 223 1740 mus
254 1715 324 1740 nec
355 1702 481 1739 fallere
520 1714 593 1738 nos
632 1703 795 1739 interdiu
834 1710 898 1740 aut
932 1712 1045 1742 nocte
1084 1707 1262 1744 abeundo
1301 1711 1456 1757 potest?

137 1767 242 1814 Quid
272 1775 398 1805 autem
429 1774 485 1805 est
522 1769 634 1805 nobis
673 1769 836 1817 optatius
876 1782 990 1818 quam
1030 1778 1081 1816 ut,
1117 1784 1280 1821 quorum
1319 1781 1452 1820 castra,

135 1833 303 1883 praealta
332 1833 498 1870 fluminis
526 1834 608 1882 ripa
637 1841 725 1877 tuta,
757 1834 852 1871 vallo
882 1835 1036 1884 insuper
1065 1843 1196 1885 saepta
1234 1850 1279 1875 ac
1317 1840 1455 1878 crebris
1474 1853 1538 1884 510

135 1899 310 1942 turribus,
339 1910 564 1947 oppugnare
595 1899 717 1935 adorti
747 1911 889 1943 sumus,
920 1913 998 1945 eos,
1029 1901 1165 1938 relictis
1194 1904 1454 1951 munimentis,

133 1964 287 2013 agmine
331 1963 453 2000 effuso
494 1964 677 2001 abeuntes
718 1965 756 2000 in
800 1966 1018 2014 patentibus
1062 1968 1208 2016 campis
1255 1970 1304 2006 ab
1346 1976 1454 2020 tergo

135 2029 378 2067 adoriamur?
437 2027 524 2064 Hae
556 2028 691 2065 dilatae
721 2042 874 2078 pugnae
905 2042 951 2067 ex
983 2031 1162 2070 hesterno
1192 2033 1254 2070 die
1284 2035 1322 2071 in
1345 2034 1453 2073 hodi-

133 2105 268 2132 ernum
298 2105 436 2130 causae
467 2092 627 2131 fuerunt.
705 2093 880 2143 Pugnare
911 2097 1013 2133 enim
1044 2104 1080 2134 et
1108 2097 1179 2147 ipsi
1209 2099 1300 2136 mihi
1329 2101 1454 2150 placet

133 2166 171 2198 et
199 2159 297 2204 ideo,
328 2159 416 2207 quia
445 2171 513 2207 per
550 2158 713 2207 Elpeum
754 2172 909 2197 amnem
948 2169 1080 2211 saepta
1117 2164 1166 2201 ad
1203 2164 1354 2203 hostem
1393 2168 1451 2206 via
1472 2183 1533 2216 515

133 2232 222 2270 erat,
265 2224 338 2262 alio
379 2224 484 2270 saltu,
534 2224 688 2262 deiectis
736 2226 905 2264 hostium
949 2228 1156 2276 praesidiis,
1201 2243 1344 2270 novom
1383 2234 1452 2272 iter

133 2289 284 2342 aperui;
315 2301 440 2338 neque
459 2289 574 2339 priuS‚
598 2302 714 2339 quam
744 2291 996 2340 debellavero‚
1022 2294 1226 2334 absistam!

731 2368 752 2394 c
784 2371 803 2395 2
