1721 2584
423 97 486 129 IV.
544 97 602 128 ΡΑ
612 93 732 127 ULUS'
769 95 1001 127 MILITARV
1036 94 1257 125 REFORMS.
1447 98 1499 140 13

692 240 719 271 b.
764 239 880 281 Sentry
902 239 992 280 duty.

238 323 384 373 Vigiles
412 323 527 361 etiam
553 333 656 359 novo
682 333 789 358 more
816 328 967 358 scutum
994 321 1032 357 in
1056 320 1222 369 vigiliam
1245 320 1341 358 ferre
1362 321 1498 365 vetuit;

184 401 264 427 non
294 389 396 426 enim
426 388 466 425 in
501 398 672 436 pugnam
701 386 851 435 vigilem
881 385 947 430 ire,
977 392 1017 422 ut
1043 386 1157 422 armis
1187 392 1323 431 utatur,
1354 385 1422 422 sed
1452 385 1498 422 ad
1519 398 1581 429 325

185 453 428 503 vigilandum,
457 459 509 500 ut,
535 464 624 490 cum
652 451 812 488 senserit
838 450 1004 488 hostium
1032 451 1249 497 adventum,
1275 450 1432 498 recipiat
1458 462 1498 487 se

184 519 400 567 excitetque
442 517 491 555 ad
530 529 636 554 arma
673 516 779 554 alios.
853 515 971 553 Scuto
1013 527 1103 564 prae
1147 528 1187 552 se
1231 522 1359 552 erecto
1401 522 1499 552 stare

184 584 354 633 galeatos
370 596 382 630 3
422 582 570 626 deinde,
602 581 667 618 ubi
696 581 783 619 fessi
813 581 898 627 sint,
930 581 1083 617 innixos
1114 580 1202 628 pilo,
1235 580 1358 634 capite
1389 591 1500 628 super

184 649 396 697 marginem
430 647 527 685 scuti
560 647 697 696 posito,
729 646 873 696 sopitos
908 652 1018 690 stare,
1048 652 1089 682 ut
1119 645 1354 693 fulgentibus
1383 646 1498 682 armis

184 713 318 764 procul
337 712 508 762 conspici
528 713 576 750 ab
596 711 708 750 hoste
727 713 889 762 possint,
911 711 981 760 ipsi
1001 711 1093 747 nihil
1114 710 1349 760 provideant.
1517 722 1535 753 3
1542 723 1584 753 30

732 845 758 867 c.
802 834 943 867 Piekets.

237 919 451 959 Stationum
484 931 638 969 quoque
676 931 825 956 morem
865 918 1034 955 mutavit.
1090 918 1240 954 Armati
1281 929 1427 962 omnes,
1461 924 1499 955 et

182 986 334 1024 frenatis
371 986 478 1034 equis
518 985 674 1034 equites,
715 984 816 1021 diem
857 990 980 1021 totum
1020 983 1250 1032 perstabant.
1326 983 1372 1020 Id
1412 995 1499 1020 cum

183 1052 331 1090 aestivis
352 1051 498 1096 diebus,
517 1056 654 1088 urente
682 1050 844 1087 adsiduo
867 1049 956 1094 sole,
979 1049 1095 1093 fieret,
1117 1056 1172 1085 tot
1193 1048 1369 1085 horarum
1390 1056 1498 1085 aestu

183 1124 220 1155 et
258 1117 444 1166 languore
483 1117 588 1165 ipsos
630 1127 829 1164 equosque
867 1114 990 1151 fessos
1035 1113 1171 1163 integri
1217 1125 1331 1162 saepe
1376 1114 1497 1150 adorti

183 1182 312 1219 hostes
351 1181 409 1218 vel
453 1180 566 1229 pauci
606 1180 734 1229 plures
772 1180 974 1218 vexabant.
1046 1178 1182 1227 Itaque
1224 1190 1271 1215 ex
1313 1179 1498 1215 matutina
1517 1193 1580 1223 335

184 1248 341 1284 statione
362 1246 411 1283 ad
430 1245 628 1282 meridiem
650 1244 794 1291 decedi,
817 1251 852 1282 et
872 1245 912 1281 in
932 1243 1272 1293 postmeridianam
1296 1244 1497 1282 succedere

184 1311 277 1349 alios
311 1311 441 1357 iussit3
482 1310 535 1347 ita
563 1321 780 1359 numquam
815 1309 994 1358 fatigatos
1028 1320 1161 1346 recens
1190 1308 1310 1346 hostis
1343 1308 1499 1358 adgredi

184 1382 345 1426 poterat.

280 1531 313 1564 3.
359 1520 412 1555 He
433 1520 587 1565 explains
612 1519 666 1554 the
690 1521 871 1563 respective
895 1520 999 1553 duties
1025 1521 1068 1563 qf
1083 1520 1313 1554 commanders
1338 1519 1410 1553 and

732 1578 956 1611 commanded.

238 1666 352 1705 Haec
387 1678 475 1705 cum
504 1666 555 1704 ita
590 1666 670 1703 fieri
699 1667 858 1715 placere,
891 1667 1068 1705 contione
1101 1667 1296 1714 advocata,
1330 1679 1498 1716 pronun-

184 1734 322 1778 tiasset,
360 1731 496 1769 adiecit
529 1732 698 1769 urbanae
737 1732 907 1770 contioni
941 1734 1229 1770 convenientem
1262 1733 1496 1770 orationem:
1516 1749 1581 1782 340

183 1797 318 1835 Unum
340 1797 613 1846 imperatorem
634 1797 673 1833 in
700 1798 867 1834 exercitu
894 1798 1092 1846 providere
1118 1806 1154 1835 et
1174 1798 1384 1844 consulere,
1406 1799 1497 1847 quid

186 1861 379 1911 agendum
417 1861 476 1906 sit,
516 1861 665 1906 debere,
707 1873 809 1898 nunc
848 1874 917 1911 per
955 1874 1005 1908 se,
1047 1874 1148 1899 nunc
1187 1875 1276 1899 cum
1309 1863 1366 1909 iis,
1400 1875 1497 1912 quos

185 1926 380 1963 advocarit
415 1925 455 1962 in
492 1925 693 1962 consilium
706 1937 717 1971 3
764 1926 829 1975 qui
870 1938 950 1963 non
989 1927 1063 1963 sint
1101 1927 1283 1973 advocati,
1322 1939 1389 1965 eos
1426 1941 1497 1966 nec

186 1991 312 2040 palam
342 2002 414 2028 nec
443 1997 589 2028 secreto
617 1990 758 2028 iactare
787 1992 946 2028 consilia
977 2003 1056 2028 sua.
1113 1991 1276 2028 Militem
1304 1992 1398 2030 haec
1428 1994 1497 2030 tria

185 2066 315 2093 curare
347 2054 498 2100 debere,
534 2067 674 2104 corpus
708 2062 748 2092 ut
782 2067 899 2105 quam
933 2056 1207 2093 validissimum
1240 2064 1277 2093 et
1315 2058 1494 2106 pernicis·
1516 2076 1579 2109 345

187 2119 328 2156 simum
348 2118 496 2165 habeat,
517 2131 625 2156 arma
643 2127 742 2169 apta,
765 2121 892 2158 cibum
913 2128 1086 2170 paratum
1106 2122 1154 2158 ad
1175 2122 1298 2159 subita
1317 2122 1474 2171 imperia
1486 2135 1495 2169 ;

187 2190 312 2221 cetera
331 2183 425 2221 scire
455 2183 501 2221 de
531 2195 571 2221 se
601 2184 658 2221 dis
684 2185 961 2222 immortalibus
982 2192 1019 2222 et
1045 2186 1264 2234 imperatori
1291 2198 1360 2224 suo
1385 2199 1497 2224 curae

188 2259 282 2285 esse.
338 2247 386 2285 In
415 2259 493 2297 quo
524 2248 690 2286 exercitu
721 2249 856 2287 milites
884 2249 1110 2296 consultent,
1139 2251 1343 2300 imperator
1371 2258 1498 2289 autem
