1721 2584
234 110 281 140 12
597 102 688 134 THE
717 102 1030 133 MACEDONJAN
1063 101 1184 134 WAR.

342 410 417 451 IV.
476 411 742 452 PAULUS’
773 412 1091 453 MILITARY
1125 412 1441 457 REFORMS.

783 529 865 561 ΠΟ.
904 521 995 572 169.

397 654 425 677 1.
476 644 596 676 ‘From
623 643 675 675 the
699 643 758 686 dry
784 643 859 675 rock
883 645 922 677 he
946 643 1018 677 hlds
1042 646 1097 678 the
1120 653 1249 680 water-s
1262 644 1381 689 stow.⁹

282 722 371 759 Dux
392 735 524 767 novus,
545 723 607 758 ubi
632 723 679 759 ad
700 725 906 760 exercitum
935 737 1158 774 progressus
1183 728 1320 764 milites
1346 739 1467 776 aquae
1489 725 1544 762 in-

229 789 317 836 opia
337 788 506 824 laborare
531 788 655 832 sensit,
676 789 782 837 sequi
810 801 849 826 se
870 792 1065 838 putearios
1087 792 1135 828 ad
1156 803 1271 837 mare,
1294 792 1399 840 quod
1420 791 1546 827 minus

153 865 165 875 ”
194 865 294 895 5ccc
333 865 468 901 passus
507 853 645 898 aberat,
685 853 790 890 iussit
828 861 865 891 et
902 854 941 890 in
979 855 1085 892 litore
1124 856 1218 893 alios
1256 857 1343 893 alibi
1381 855 1543 892 modicis

230 918 431 954 intervallis
460 917 600 955 fodere.
659 918 815 956 Montes
853 920 1019 968 ingentis
1057 921 1265 958 altitudinis
1294 933 1403 970 spem
1433 920 1544 957 facie-

230 985 332 1025 bant,
353 995 400 1019 eo
421 984 542 1032 magis
562 984 651 1031 quia
675 984 799 1020 nullos
820 992 972 1033 apertos
999 993 1222 1034 evergerent
1242 987 1352 1031 rivos,
1374 986 1546 1023 occultos

230 1048 414 1084 contineri
441 1047 580 1091 latices,
603 1060 767 1096 quorum
795 1062 911 1086 venae
940 1051 976 1086 in
1004 1063 1108 1087 mare
1135 1059 1402 1099 permanantes
1422 1051 1547 1088 undae

230 1113 485 1150 miscerentur.
542 1112 616 1150 Vix
639 1114 791 1150 diducta
817 1125 967 1151 summa
988 1127 1102 1151 arena
1122 1123 1209 1159 erat,
1232 1127 1319 1152 cum
1341 1116 1546 1163 scaturiges

230 1179 400 1215 turbidae
427 1179 551 1226 primo
571 1186 607 1214 et
631 1187 762 1215 tenues
790 1180 963 1225 emicare,
985 1181 1073 1217 dein
1101 1180 1282 1230 liquidam
1312 1181 1546 1229 multamque

229 1243 386 1279 sundere
415 1256 565 1292 aquarn,
595 1244 692 1280 velut
722 1244 836 1281 deum
871 1245 987 1287 dono,
1017 1253 1242 1294 coeperunt.
1298 1246 1546 1295 Aliquantum

230 1319 274 1344 ea
294 1320 447 1357 quoque
468 1320 527 1345 res
548 1309 633 1346 duci
655 1309 778 1346 famae
798 1317 835 1346 et
855 1311 1086 1347 auctoritatis
1108 1311 1212 1360 apud
1232 1310 1367 1348 milites
1387 1311 1532 1349 adiecit.

563 1467 592 1488 2.
638 1457 688 1490 He
713 1458 840 1490 reduces
866 1458 1031 1500 confusion
1055 1465 1087 1492 to
1112 1458 1219 1492 order.

627 1564 655 1585 α.
701 1553 772 1584 The
796 1554 886 1586 word
910 1555 947 1584 os
966 1554 1150 1585 command.

284 1631 463 1677 Primum,
484 1639 525 1669 ut
554 1631 686 1668 ordine
715 1644 759 1668 ac
790 1632 869 1668 sine
899 1632 1058 1669 tumultu
1088 1633 1218 1670 omnia
1246 1632 1285 1669 in
1315 1635 1468 1682 agmine
1498 1634 1545 1672 ad

231 1705 365 1733 nutum
399 1697 674 1745 imperiumque
706 1697 813 1734 ducis
849 1697 989 1742 fierent,
1024 1698 1198 1745 providit.
1257 1697 1332 1735 Ubi
1366 1700 1546 1737 omnibus

155 1778 168 1788 ἢ
197 1762 341 1808 :simul
370 1762 686 1810 pronuntiaretur,
708 1761 812 1810 quod
840 1762 957 1806 fieret,
979 1774 1103 1811 neque
1131 1762 1229 1800 clare
1257 1775 1380 1812 neque
1411 1777 1547 1802 omnes

231 1827 433 1873 exaudire;
472 1827 617 1864 incerto
647 1827 805 1875 imperio
835 1834 1004 1874 accepto,
1037 1827 1142 1872 alios,
1173 1828 1220 1864 ab
1255 1840 1294 1865 se
1328 1829 1544 1873 adicientes,

229 1892 313 1940 plus
343 1905 401 1937 eo,
432 1892 535 1941 quod
566 1893 790 1940 imperatum
819 1893 875 1936 sit,
906 1892 1001 1929 alios
1029 1893 1156 1928 minus
1186 1891 1328 1937 facere;
1361 1894 1546 1933 clamores

231 1958 366 1994 deinde
397 1958 574 1994 dissonos
604 1957 690 1993 oriri
721 1957 900 1994 omnibus
929 1957 1031 2001 locis,
1064 1965 1099 1993 et
1134 1958 1238 2005 prius
1272 1958 1401 1996 hostes
1431 1973 1544 2009 quani

230 2024 344 2071 ipsos,
366 2023 457 2071 quid
486 2029 646 2071 paretur,
668 2023 773 2058 Scire.
832 2022 984 2059 Placere
1014 2023 1136 2069 igitur,
1163 2023 1355 2060 tribunum
1385 2025 1543 2062 militum

174 2109 187 2121 ἢ
230 2088 352 2136 primo
383 2087 460 2135 pilo
490 2087 650 2134 legionis
680 2095 863 2123 secretum
893 2087 1003 2123 edere
1024 2088 1238 2135 imperium,
1259 2088 1363 2125 illum
1392 2096 1428 2126 et
1458 2089 1543 2127 dein

228 2152 396 2199 singulos
426 2153 604 2200 proximo
636 2153 770 2200 cuique
802 2153 838 2188 in
869 2153 1003 2189 ordine
1035 2153 1246 2189 centurioni
1282 2153 1417 2193 dicere.
1454 2156 1543 2204 quid

229 2230 326 2265 opus
357 2217 455 2253 facto
487 2218 542 2260 sit,
574 2218 650 2253 sive
681 2230 702 2253 a
733 2218 862 2265 primis
900 2217 1016 2265 signis
1046 2217 1093 2254 ad
1123 2218 1371 2255 novissimum
1401 2233 1539 2268 agmen

228 2283 304 2319 Sive
334 2284 381 2318 al)
412 2283 587 2319 extremis
617 2283 664 2319 ad
695 2283 838 2331 primos
867 2281 1138 2331 perferundum
1170 2283 1369 2331 imperium
1398 2285 1455 2322 sit.
